trade_id,side,size,price,time
913104405,sell,0.00021796,90839.87,2025-11-29 22:47:32.824004+00:00
913104406,sell,0.0001566,90839.87,2025-11-29 22:47:33.082403+00:00
913104407,buy,0.00059848,90839.86,2025-11-29 22:47:33.085847+00:00
913104408,sell,0.00021787,90839.87,2025-11-29 22:47:33.357466+00:00
913104409,sell,1.1e-07,90839.87,2025-11-29 22:47:33.375185+00:00
913104410,sell,0.00337832,90839.87,2025-11-29 22:47:33.929540+00:00
913104411,sell,0.001,90839.87,2025-11-29 22:47:35.523452+00:00
913104413,buy,0.00022666,90835.86,2025-11-29 22:47:39.381670+00:00
913104412,buy,1.3e-05,90839.6,2025-11-29 22:47:39.381670+00:00
913104412,buy,1.3e-05,90839.6,2025-11-29 22:47:39.381670+00:00
913104413,buy,0.00022666,90835.86,2025-11-29 22:47:39.381670+00:00
913104414,buy,1.3e-05,90835.5,2025-11-29 22:47:39.382129+00:00
913104414,buy,1.3e-05,90835.5,2025-11-29 22:47:39.382129+00:00
913104416,buy,2.857e-05,90831.4,2025-11-29 22:47:43.488299+00:00
913104415,buy,1.3e-05,90831.4,2025-11-29 22:47:43.488299+00:00
913104417,buy,1.453e-05,90828.44,2025-11-29 22:47:43.488299+00:00
913104415,buy,1.3e-05,90831.4,2025-11-29 22:47:43.488299+00:00
913104417,buy,1.453e-05,90828.44,2025-11-29 22:47:43.488299+00:00
913104416,buy,2.857e-05,90831.4,2025-11-29 22:47:43.488299+00:00
913104417,buy,1.453e-05,90828.44,2025-11-29 22:47:43.488299+00:00
913104416,buy,2.857e-05,90831.4,2025-11-29 22:47:43.488299+00:00
913104417,buy,1.453e-05,90828.44,2025-11-29 22:47:43.488299+00:00
913104418,sell,1.23e-05,90827.41,2025-11-29 22:47:45.090790+00:00
913104420,sell,0.02336298,90827.43,2025-11-29 22:47:45.090790+00:00
913104419,sell,0.00110127,90827.41,2025-11-29 22:47:45.090790+00:00
913104418,sell,1.23e-05,90827.41,2025-11-29 22:47:45.090790+00:00
913104418,sell,1.23e-05,90827.41,2025-11-29 22:47:45.090790+00:00
913104419,sell,0.00110127,90827.41,2025-11-29 22:47:45.090790+00:00
913104420,sell,0.02336298,90827.43,2025-11-29 22:47:45.090790+00:00
913104421,sell,0.00848709,90828.44,2025-11-29 22:47:45.090790+00:00
913104421,sell,0.00848709,90828.44,2025-11-29 22:47:45.090790+00:00
913104419,sell,0.00110127,90827.41,2025-11-29 22:47:45.090790+00:00
913104420,sell,0.02336298,90827.43,2025-11-29 22:47:45.090790+00:00
913104421,sell,0.00848709,90828.44,2025-11-29 22:47:45.090790+00:00
913104421,sell,0.00848709,90828.44,2025-11-29 22:47:45.090790+00:00
913104420,sell,0.02336298,90827.43,2025-11-29 22:47:45.090790+00:00
913104418,sell,1.23e-05,90827.41,2025-11-29 22:47:45.090790+00:00
913104419,sell,0.00110127,90827.41,2025-11-29 22:47:45.090790+00:00
913104422,buy,0.00022666,90827.4,2025-11-29 22:47:49.039180+00:00
913104424,buy,0.01100995,90826.95,2025-11-29 22:47:49.039180+00:00
913104423,buy,1.3e-05,90827.3,2025-11-29 22:47:49.039180+00:00
913104422,buy,0.00022666,90827.4,2025-11-29 22:47:49.039180+00:00
913104424,buy,0.01100995,90826.95,2025-11-29 22:47:49.039180+00:00
913104423,buy,1.3e-05,90827.3,2025-11-29 22:47:49.039180+00:00
913104422,buy,0.00022666,90827.4,2025-11-29 22:47:49.039180+00:00
913104424,buy,0.01100995,90826.95,2025-11-29 22:47:49.039180+00:00
913104423,buy,1.3e-05,90827.3,2025-11-29 22:47:49.039180+00:00
913104422,buy,0.00022666,90827.4,2025-11-29 22:47:49.039180+00:00
913104423,buy,1.3e-05,90827.3,2025-11-29 22:47:49.039180+00:00
913104424,buy,0.01100995,90826.95,2025-11-29 22:47:49.039180+00:00
913104426,buy,0.00108778,90826.51,2025-11-29 22:47:49.354209+00:00
913104425,buy,0.00109219,90826.51,2025-11-29 22:47:49.354209+00:00
913104426,buy,0.00108778,90826.51,2025-11-29 22:47:49.354209+00:00
913104425,buy,0.00109219,90826.51,2025-11-29 22:47:49.354209+00:00
913104426,buy,0.00108778,90826.51,2025-11-29 22:47:49.354209+00:00
913104425,buy,0.00109219,90826.51,2025-11-29 22:47:49.354209+00:00
913104426,buy,0.00108778,90826.51,2025-11-29 22:47:49.354209+00:00
913104425,buy,0.00109219,90826.51,2025-11-29 22:47:49.354209+00:00
913104427,buy,0.01101006,90826.06,2025-11-29 22:47:49.354532+00:00
913104427,buy,0.01101006,90826.06,2025-11-29 22:47:49.354532+00:00
913104427,buy,0.01101006,90826.06,2025-11-29 22:47:49.354532+00:00
913104427,buy,0.01101006,90826.06,2025-11-29 22:47:49.354532+00:00
913104428,buy,0.00028108,90823.46,2025-11-29 22:47:50.022420+00:00
913104428,buy,0.00028108,90823.46,2025-11-29 22:47:50.022420+00:00
913104428,buy,0.00028108,90823.46,2025-11-29 22:47:50.022420+00:00
913104428,buy,0.00028108,90823.46,2025-11-29 22:47:50.022420+00:00
913104429,sell,5.45e-05,90823.47,2025-11-29 22:47:50.650686+00:00
913104429,sell,5.45e-05,90823.47,2025-11-29 22:47:50.650686+00:00
913104429,sell,5.45e-05,90823.47,2025-11-29 22:47:50.650686+00:00
913104429,sell,5.45e-05,90823.47,2025-11-29 22:47:50.650686+00:00
913104430,buy,0.00161277,90823.46,2025-11-29 22:47:51.896663+00:00
913104430,buy,0.00161277,90823.46,2025-11-29 22:47:51.896663+00:00
913104430,buy,0.00161277,90823.46,2025-11-29 22:47:51.896663+00:00
913104430,buy,0.00161277,90823.46,2025-11-29 22:47:51.896663+00:00
913104431,buy,0.00119661,90823.2,2025-11-29 22:47:51.900638+00:00
913104431,buy,0.00119661,90823.2,2025-11-29 22:47:51.900638+00:00
913104432,buy,1.3e-05,90823.2,2025-11-29 22:47:51.900638+00:00
913104432,buy,1.3e-05,90823.2,2025-11-29 22:47:51.900638+00:00
913104431,buy,0.00119661,90823.2,2025-11-29 22:47:51.900638+00:00
913104431,buy,0.00119661,90823.2,2025-11-29 22:47:51.900638+00:00
913104432,buy,1.3e-05,90823.2,2025-11-29 22:47:51.900638+00:00
913104432,buy,1.3e-05,90823.2,2025-11-29 22:47:51.900638+00:00
913104433,buy,0.00081197,90822.48,2025-11-29 22:47:51.920421+00:00
913104433,buy,0.00081197,90822.48,2025-11-29 22:47:51.920421+00:00
913104434,buy,0.00033875,90822.48,2025-11-29 22:47:51.920421+00:00
913104434,buy,0.00033875,90822.48,2025-11-29 22:47:51.920421+00:00
913104433,buy,0.00081197,90822.48,2025-11-29 22:47:51.920421+00:00
913104434,buy,0.00033875,90822.48,2025-11-29 22:47:51.920421+00:00
913104433,buy,0.00081197,90822.48,2025-11-29 22:47:51.920421+00:00
913104434,buy,0.00033875,90822.48,2025-11-29 22:47:51.920421+00:00
913104435,sell,4.36e-05,90821.2,2025-11-29 22:47:52.002870+00:00
913104435,sell,4.36e-05,90821.2,2025-11-29 22:47:52.002870+00:00
913104435,sell,4.36e-05,90821.2,2025-11-29 22:47:52.002870+00:00
913104435,sell,4.36e-05,90821.2,2025-11-29 22:47:52.002870+00:00
913104436,sell,2.125e-05,90821.2,2025-11-29 22:47:52.123760+00:00
913104436,sell,2.125e-05,90821.2,2025-11-29 22:47:52.123760+00:00
913104436,sell,2.125e-05,90821.2,2025-11-29 22:47:52.123760+00:00
913104436,sell,2.125e-05,90821.2,2025-11-29 22:47:52.123760+00:00
913104437,buy,0.00014509,90821.19,2025-11-29 22:47:52.201479+00:00
913104437,buy,0.00014509,90821.19,2025-11-29 22:47:52.201479+00:00
913104437,buy,0.00014509,90821.19,2025-11-29 22:47:52.201479+00:00
913104437,buy,0.00014509,90821.19,2025-11-29 22:47:52.201479+00:00
913104439,buy,0.0110107,90820.74,2025-11-29 22:47:53.002100+00:00
913104439,buy,0.0110107,90820.74,2025-11-29 22:47:53.002100+00:00
913104438,buy,0.0002677,90821.19,2025-11-29 22:47:53.002100+00:00
913104438,buy,0.0002677,90821.19,2025-11-29 22:47:53.002100+00:00
913104439,buy,0.0110107,90820.74,2025-11-29 22:47:53.002100+00:00
913104438,buy,0.0002677,90821.19,2025-11-29 22:47:53.002100+00:00
913104438,buy,0.0002677,90821.19,2025-11-29 22:47:53.002100+00:00
913104439,buy,0.0110107,90820.74,2025-11-29 22:47:53.002100+00:00
913104442,buy,0.00025192,90816.65,2025-11-29 22:47:53.860254+00:00
913104442,buy,0.00025192,90816.65,2025-11-29 22:47:53.860254+00:00
913104440,buy,1.3e-05,90819.1,2025-11-29 22:47:53.860254+00:00
913104441,buy,0.00022666,90817.19,2025-11-29 22:47:53.860254+00:00
913104442,buy,0.00025192,90816.65,2025-11-29 22:47:53.860254+00:00
913104440,buy,1.3e-05,90819.1,2025-11-29 22:47:53.860254+00:00
913104441,buy,0.00022666,90817.19,2025-11-29 22:47:53.860254+00:00
913104440,buy,1.3e-05,90819.1,2025-11-29 22:47:53.860254+00:00
913104441,buy,0.00022666,90817.19,2025-11-29 22:47:53.860254+00:00
913104440,buy,1.3e-05,90819.1,2025-11-29 22:47:53.860254+00:00
913104441,buy,0.00022666,90817.19,2025-11-29 22:47:53.860254+00:00
913104442,buy,0.00025192,90816.65,2025-11-29 22:47:53.860254+00:00
913104443,buy,0.00055,90816.65,2025-11-29 22:47:53.893741+00:00
913104443,buy,0.00055,90816.65,2025-11-29 22:47:53.893741+00:00
913104443,buy,0.00055,90816.65,2025-11-29 22:47:53.893741+00:00
913104443,buy,0.00055,90816.65,2025-11-29 22:47:53.893741+00:00
913104444,buy,0.00055,90816.65,2025-11-29 22:47:54.272472+00:00
913104444,buy,0.00055,90816.65,2025-11-29 22:47:54.272472+00:00
913104444,buy,0.00055,90816.65,2025-11-29 22:47:54.272472+00:00
913104444,buy,0.00055,90816.65,2025-11-29 22:47:54.272472+00:00
913104445,buy,0.00688,90816.65,2025-11-29 22:47:54.358953+00:00
913104445,buy,0.00688,90816.65,2025-11-29 22:47:54.358953+00:00
913104445,buy,0.00688,90816.65,2025-11-29 22:47:54.358953+00:00
913104445,buy,0.00688,90816.65,2025-11-29 22:47:54.358953+00:00
913104446,buy,6.27e-06,90816.65,2025-11-29 22:47:54.363004+00:00
913104446,buy,6.27e-06,90816.65,2025-11-29 22:47:54.363004+00:00
913104446,buy,6.27e-06,90816.65,2025-11-29 22:47:54.363004+00:00
913104446,buy,6.27e-06,90816.65,2025-11-29 22:47:54.363004+00:00
913104447,buy,1.3e-05,90815.0,2025-11-29 22:47:54.363448+00:00
913104447,buy,1.3e-05,90815.0,2025-11-29 22:47:54.363448+00:00
913104447,buy,1.3e-05,90815.0,2025-11-29 22:47:54.363448+00:00
913104447,buy,1.3e-05,90815.0,2025-11-29 22:47:54.363448+00:00
913104450,buy,1.3e-05,90802.7,2025-11-29 22:47:54.366894+00:00
913104449,buy,1.3e-05,90806.8,2025-11-29 22:47:54.366894+00:00
913104448,buy,1.3e-05,90810.9,2025-11-29 22:47:54.366894+00:00
913104452,buy,0.00021762,90800.0,2025-11-29 22:47:54.366894+00:00
913104451,buy,0.00743627,90801.76,2025-11-29 22:47:54.366894+00:00
913104452,buy,0.00021762,90800.0,2025-11-29 22:47:54.366894+00:00
913104452,buy,0.00021762,90800.0,2025-11-29 22:47:54.366894+00:00
913104450,buy,1.3e-05,90802.7,2025-11-29 22:47:54.366894+00:00
913104451,buy,0.00743627,90801.76,2025-11-29 22:47:54.366894+00:00
913104450,buy,1.3e-05,90802.7,2025-11-29 22:47:54.366894+00:00
913104449,buy,1.3e-05,90806.8,2025-11-29 22:47:54.366894+00:00
913104448,buy,1.3e-05,90810.9,2025-11-29 22:47:54.366894+00:00
913104451,buy,0.00743627,90801.76,2025-11-29 22:47:54.366894+00:00
913104451,buy,0.00743627,90801.76,2025-11-29 22:47:54.366894+00:00
913104450,buy,1.3e-05,90802.7,2025-11-29 22:47:54.366894+00:00
913104449,buy,1.3e-05,90806.8,2025-11-29 22:47:54.366894+00:00
913104448,buy,1.3e-05,90810.9,2025-11-29 22:47:54.366894+00:00
913104448,buy,1.3e-05,90810.9,2025-11-29 22:47:54.366894+00:00
913104449,buy,1.3e-05,90806.8,2025-11-29 22:47:54.366894+00:00
913104452,buy,0.00021762,90800.0,2025-11-29 22:47:54.366894+00:00
913104454,buy,0.00027369,90795.0,2025-11-29 22:47:54.783969+00:00
913104453,buy,1.3e-05,90798.6,2025-11-29 22:47:54.783969+00:00
913104454,buy,0.00027369,90795.0,2025-11-29 22:47:54.783969+00:00
913104453,buy,1.3e-05,90798.6,2025-11-29 22:47:54.783969+00:00
913104454,buy,0.00027369,90795.0,2025-11-29 22:47:54.783969+00:00
913104453,buy,1.3e-05,90798.6,2025-11-29 22:47:54.783969+00:00
913104453,buy,1.3e-05,90798.6,2025-11-29 22:47:54.783969+00:00
913104454,buy,0.00027369,90795.0,2025-11-29 22:47:54.783969+00:00
913104455,sell,0.00026748,90798.61,2025-11-29 22:47:54.784584+00:00
913104455,sell,0.00026748,90798.61,2025-11-29 22:47:54.784584+00:00
913104455,sell,0.00026748,90798.61,2025-11-29 22:47:54.784584+00:00
913104455,sell,0.00026748,90798.61,2025-11-29 22:47:54.784584+00:00
913104456,buy,1.3e-05,90794.5,2025-11-29 22:47:55.085878+00:00
913104457,buy,0.000537,90790.9,2025-11-29 22:47:55.085878+00:00
913104456,buy,1.3e-05,90794.5,2025-11-29 22:47:55.085878+00:00
913104457,buy,0.000537,90790.9,2025-11-29 22:47:55.085878+00:00
913104457,buy,0.000537,90790.9,2025-11-29 22:47:55.085878+00:00
913104456,buy,1.3e-05,90794.5,2025-11-29 22:47:55.085878+00:00
913104457,buy,0.000537,90790.9,2025-11-29 22:47:55.085878+00:00
913104456,buy,1.3e-05,90794.5,2025-11-29 22:47:55.085878+00:00
913104458,buy,0.00055,90790.9,2025-11-29 22:47:55.085989+00:00
913104458,buy,0.00055,90790.9,2025-11-29 22:47:55.085989+00:00
913104458,buy,0.00055,90790.9,2025-11-29 22:47:55.085989+00:00
913104458,buy,0.00055,90790.9,2025-11-29 22:47:55.085989+00:00
913104459,buy,1.3e-05,90790.4,2025-11-29 22:47:55.395691+00:00
913104460,buy,0.0105,90790.4,2025-11-29 22:47:55.395691+00:00
913104459,buy,1.3e-05,90790.4,2025-11-29 22:47:55.395691+00:00
913104460,buy,0.0105,90790.4,2025-11-29 22:47:55.395691+00:00
913104459,buy,1.3e-05,90790.4,2025-11-29 22:47:55.395691+00:00
913104460,buy,0.0105,90790.4,2025-11-29 22:47:55.395691+00:00
913104460,buy,0.0105,90790.4,2025-11-29 22:47:55.395691+00:00
913104459,buy,1.3e-05,90790.4,2025-11-29 22:47:55.395691+00:00
913104461,sell,0.00213975,90786.31,2025-11-29 22:47:55.969111+00:00
913104461,sell,0.00213975,90786.31,2025-11-29 22:47:55.969111+00:00
913104461,sell,0.00213975,90786.31,2025-11-29 22:47:55.969111+00:00
913104461,sell,0.00213975,90786.31,2025-11-29 22:47:55.969111+00:00
913104463,sell,0.00110184,90786.31,2025-11-29 22:47:56.419428+00:00
913104463,sell,0.00110184,90786.31,2025-11-29 22:47:56.419428+00:00
913104462,sell,0.05293463,90786.31,2025-11-29 22:47:56.419428+00:00
913104462,sell,0.05293463,90786.31,2025-11-29 22:47:56.419428+00:00
913104463,sell,0.00110184,90786.31,2025-11-29 22:47:56.419428+00:00
913104462,sell,0.05293463,90786.31,2025-11-29 22:47:56.419428+00:00
913104463,sell,0.00110184,90786.31,2025-11-29 22:47:56.419428+00:00
913104462,sell,0.05293463,90786.31,2025-11-29 22:47:56.419428+00:00
913104464,sell,0.00026748,90786.33,2025-11-29 22:47:56.913276+00:00
913104464,sell,0.00026748,90786.33,2025-11-29 22:47:56.913276+00:00
913104464,sell,0.00026748,90786.33,2025-11-29 22:47:56.913276+00:00
913104464,sell,0.00026748,90786.33,2025-11-29 22:47:56.913276+00:00
913104465,sell,0.00058,90786.33,2025-11-29 22:47:57.238935+00:00
913104465,sell,0.00058,90786.33,2025-11-29 22:47:57.238935+00:00
913104465,sell,0.00058,90786.33,2025-11-29 22:47:57.238935+00:00
913104465,sell,0.00058,90786.33,2025-11-29 22:47:57.238935+00:00
913104466,sell,0.00026105,90786.33,2025-11-29 22:47:57.243416+00:00
913104466,sell,0.00026105,90786.33,2025-11-29 22:47:57.243416+00:00
913104466,sell,0.00026105,90786.33,2025-11-29 22:47:57.243416+00:00
913104466,sell,0.00026105,90786.33,2025-11-29 22:47:57.243416+00:00
913104467,buy,0.005,90786.32,2025-11-29 22:47:57.595961+00:00
913104467,buy,0.005,90786.32,2025-11-29 22:47:57.595961+00:00
913104467,buy,0.005,90786.32,2025-11-29 22:47:57.595961+00:00
913104468,buy,0.00278461,90786.32,2025-11-29 22:47:57.595961+00:00
913104468,buy,0.00278461,90786.32,2025-11-29 22:47:57.595961+00:00
913104467,buy,0.005,90786.32,2025-11-29 22:47:57.595961+00:00
913104468,buy,0.00278461,90786.32,2025-11-29 22:47:57.595961+00:00
913104468,buy,0.00278461,90786.32,2025-11-29 22:47:57.595961+00:00
913104469,sell,0.02226503,90786.33,2025-11-29 22:47:57.628197+00:00
913104469,sell,0.02226503,90786.33,2025-11-29 22:47:57.628197+00:00
913104470,sell,0.05506497,90786.33,2025-11-29 22:47:57.628197+00:00
913104469,sell,0.02226503,90786.33,2025-11-29 22:47:57.628197+00:00
913104469,sell,0.02226503,90786.33,2025-11-29 22:47:57.628197+00:00
913104470,sell,0.05506497,90786.33,2025-11-29 22:47:57.628197+00:00
913104470,sell,0.05506497,90786.33,2025-11-29 22:47:57.628197+00:00
913104470,sell,0.05506497,90786.33,2025-11-29 22:47:57.628197+00:00
913104472,sell,0.0067506,90786.4,2025-11-29 22:47:57.628688+00:00
913104471,sell,9.4e-06,90786.33,2025-11-29 22:47:57.628688+00:00
913104472,sell,0.0067506,90786.4,2025-11-29 22:47:57.628688+00:00
913104471,sell,9.4e-06,90786.33,2025-11-29 22:47:57.628688+00:00
913104472,sell,0.0067506,90786.4,2025-11-29 22:47:57.628688+00:00
913104472,sell,0.0067506,90786.4,2025-11-29 22:47:57.628688+00:00
913104471,sell,9.4e-06,90786.33,2025-11-29 22:47:57.628688+00:00
913104471,sell,9.4e-06,90786.33,2025-11-29 22:47:57.628688+00:00
913104473,sell,1.467e-05,90786.4,2025-11-29 22:47:57.632818+00:00
913104473,sell,1.467e-05,90786.4,2025-11-29 22:47:57.632818+00:00
913104473,sell,1.467e-05,90786.4,2025-11-29 22:47:57.632818+00:00
913104473,sell,1.467e-05,90786.4,2025-11-29 22:47:57.632818+00:00
913104475,sell,0.02015459,90790.41,2025-11-29 22:47:57.657307+00:00
913104474,sell,0.05073541,90790.41,2025-11-29 22:47:57.657307+00:00
913104474,sell,0.05073541,90790.41,2025-11-29 22:47:57.657307+00:00
913104475,sell,0.02015459,90790.41,2025-11-29 22:47:57.657307+00:00
913104474,sell,0.05073541,90790.41,2025-11-29 22:47:57.657307+00:00
913104475,sell,0.02015459,90790.41,2025-11-29 22:47:57.657307+00:00
913104474,sell,0.05073541,90790.41,2025-11-29 22:47:57.657307+00:00
913104475,sell,0.02015459,90790.41,2025-11-29 22:47:57.657307+00:00
913104476,sell,8.82e-06,90790.41,2025-11-29 22:47:57.694448+00:00
913104477,sell,0.05506118,90790.63,2025-11-29 22:47:57.694448+00:00
913104477,sell,0.05506118,90790.63,2025-11-29 22:47:57.694448+00:00
913104477,sell,0.05506118,90790.63,2025-11-29 22:47:57.694448+00:00
913104476,sell,8.82e-06,90790.41,2025-11-29 22:47:57.694448+00:00
913104477,sell,0.05506118,90790.63,2025-11-29 22:47:57.694448+00:00
913104476,sell,8.82e-06,90790.41,2025-11-29 22:47:57.694448+00:00
913104476,sell,8.82e-06,90790.41,2025-11-29 22:47:57.694448+00:00
913104478,sell,1.058e-05,90790.63,2025-11-29 22:47:57.722206+00:00
913104479,sell,0.00112773,90793.59,2025-11-29 22:47:57.722206+00:00
913104478,sell,1.058e-05,90790.63,2025-11-29 22:47:57.722206+00:00
913104479,sell,0.00112773,90793.59,2025-11-29 22:47:57.722206+00:00
913104478,sell,1.058e-05,90790.63,2025-11-29 22:47:57.722206+00:00
913104479,sell,0.00112773,90793.59,2025-11-29 22:47:57.722206+00:00
913104479,sell,0.00112773,90793.59,2025-11-29 22:47:57.722206+00:00
913104478,sell,1.058e-05,90790.63,2025-11-29 22:47:57.722206+00:00
913104480,sell,0.05394223,90793.59,2025-11-29 22:47:57.728506+00:00
913104480,sell,0.05394223,90793.59,2025-11-29 22:47:57.728506+00:00
913104480,sell,0.05394223,90793.59,2025-11-29 22:47:57.728506+00:00
913104480,sell,0.05394223,90793.59,2025-11-29 22:47:57.728506+00:00
913104481,buy,0.00022666,90793.92,2025-11-29 22:47:58.013845+00:00
913104481,buy,0.00022666,90793.92,2025-11-29 22:47:58.013845+00:00
913104481,buy,0.00022666,90793.92,2025-11-29 22:47:58.013845+00:00
913104481,buy,0.00022666,90793.92,2025-11-29 22:47:58.013845+00:00
913104482,sell,0.02537582,90793.93,2025-11-29 22:47:58.033643+00:00
913104482,sell,0.02537582,90793.93,2025-11-29 22:47:58.033643+00:00
913104482,sell,0.02537582,90793.93,2025-11-29 22:47:58.033643+00:00
913104482,sell,0.02537582,90793.93,2025-11-29 22:47:58.033643+00:00
913104483,buy,2.466e-05,90793.92,2025-11-29 22:47:58.608043+00:00
913104483,buy,2.466e-05,90793.92,2025-11-29 22:47:58.608043+00:00
913104483,buy,2.466e-05,90793.92,2025-11-29 22:47:58.608043+00:00
913104483,buy,2.466e-05,90793.92,2025-11-29 22:47:58.608043+00:00
913104484,sell,0.00032702,90793.93,2025-11-29 22:47:59.093035+00:00
913104484,sell,0.00032702,90793.93,2025-11-29 22:47:59.093035+00:00
913104484,sell,0.00032702,90793.93,2025-11-29 22:47:59.093035+00:00
913104484,sell,0.00032702,90793.93,2025-11-29 22:47:59.093035+00:00
913104485,sell,0.00012846,90793.93,2025-11-29 22:47:59.815360+00:00
913104485,sell,0.00012846,90793.93,2025-11-29 22:47:59.815360+00:00
913104485,sell,0.00012846,90793.93,2025-11-29 22:47:59.815360+00:00
913104485,sell,0.00012846,90793.93,2025-11-29 22:47:59.815360+00:00
913104486,sell,0.05461428,90793.93,2025-11-29 22:48:00.229938+00:00
913104486,sell,0.05461428,90793.93,2025-11-29 22:48:00.229938+00:00
913104487,sell,0.22026572,90793.93,2025-11-29 22:48:00.229938+00:00
913104487,sell,0.22026572,90793.93,2025-11-29 22:48:00.229938+00:00
913104487,sell,0.22026572,90793.93,2025-11-29 22:48:00.229938+00:00
913104486,sell,0.05461428,90793.93,2025-11-29 22:48:00.229938+00:00
913104487,sell,0.22026572,90793.93,2025-11-29 22:48:00.229938+00:00
913104486,sell,0.05461428,90793.93,2025-11-29 22:48:00.229938+00:00
913104488,sell,1.333e-05,90793.93,2025-11-29 22:48:00.236759+00:00
913104489,sell,0.02335667,90793.95,2025-11-29 22:48:00.236759+00:00
913104489,sell,0.02335667,90793.95,2025-11-29 22:48:00.236759+00:00
913104488,sell,1.333e-05,90793.93,2025-11-29 22:48:00.236759+00:00
913104489,sell,0.02335667,90793.95,2025-11-29 22:48:00.236759+00:00
913104489,sell,0.02335667,90793.95,2025-11-29 22:48:00.236759+00:00
913104488,sell,1.333e-05,90793.93,2025-11-29 22:48:00.236759+00:00
913104488,sell,1.333e-05,90793.93,2025-11-29 22:48:00.236759+00:00
913104490,sell,1.493e-05,90793.95,2025-11-29 22:48:00.236802+00:00
913104490,sell,1.493e-05,90793.95,2025-11-29 22:48:00.236802+00:00
913104491,sell,0.00133507,90794.02,2025-11-29 22:48:00.236802+00:00
913104490,sell,1.493e-05,90793.95,2025-11-29 22:48:00.236802+00:00
913104491,sell,0.00133507,90794.02,2025-11-29 22:48:00.236802+00:00
913104491,sell,0.00133507,90794.02,2025-11-29 22:48:00.236802+00:00
913104490,sell,1.493e-05,90793.95,2025-11-29 22:48:00.236802+00:00
913104491,sell,0.00133507,90794.02,2025-11-29 22:48:00.236802+00:00
913104492,sell,1.799e-05,90794.02,2025-11-29 22:48:00.238453+00:00
913104493,sell,0.00108201,90794.55,2025-11-29 22:48:00.238453+00:00
913104493,sell,0.00108201,90794.55,2025-11-29 22:48:00.238453+00:00
913104492,sell,1.799e-05,90794.02,2025-11-29 22:48:00.238453+00:00
913104492,sell,1.799e-05,90794.02,2025-11-29 22:48:00.238453+00:00
913104493,sell,0.00108201,90794.55,2025-11-29 22:48:00.238453+00:00
913104492,sell,1.799e-05,90794.02,2025-11-29 22:48:00.238453+00:00
913104493,sell,0.00108201,90794.55,2025-11-29 22:48:00.238453+00:00
913104494,sell,1.961e-05,90794.55,2025-11-29 22:48:00.241871+00:00
913104494,sell,1.961e-05,90794.55,2025-11-29 22:48:00.241871+00:00
913104494,sell,1.961e-05,90794.55,2025-11-29 22:48:00.241871+00:00
913104494,sell,1.961e-05,90794.55,2025-11-29 22:48:00.241871+00:00
913104495,sell,0.00135,90794.54,2025-11-29 22:48:00.254092+00:00
913104495,sell,0.00135,90794.54,2025-11-29 22:48:00.254092+00:00
913104495,sell,0.00135,90794.54,2025-11-29 22:48:00.254092+00:00
913104495,sell,0.00135,90794.54,2025-11-29 22:48:00.254092+00:00
913104496,sell,3.06e-06,90794.54,2025-11-29 22:48:00.259708+00:00
913104497,sell,0.00109694,90794.84,2025-11-29 22:48:00.259708+00:00
913104497,sell,0.00109694,90794.84,2025-11-29 22:48:00.259708+00:00
913104496,sell,3.06e-06,90794.54,2025-11-29 22:48:00.259708+00:00
913104496,sell,3.06e-06,90794.54,2025-11-29 22:48:00.259708+00:00
913104497,sell,0.00109694,90794.84,2025-11-29 22:48:00.259708+00:00
913104496,sell,3.06e-06,90794.54,2025-11-29 22:48:00.259708+00:00
913104497,sell,0.00109694,90794.84,2025-11-29 22:48:00.259708+00:00
913104498,sell,4.65e-06,90794.84,2025-11-29 22:48:00.266476+00:00
913104499,sell,0.00054038,90796.28,2025-11-29 22:48:00.266476+00:00
913104499,sell,0.00054038,90796.28,2025-11-29 22:48:00.266476+00:00
913104498,sell,4.65e-06,90794.84,2025-11-29 22:48:00.266476+00:00
913104499,sell,0.00054038,90796.28,2025-11-29 22:48:00.266476+00:00
913104498,sell,4.65e-06,90794.84,2025-11-29 22:48:00.266476+00:00
913104498,sell,4.65e-06,90794.84,2025-11-29 22:48:00.266476+00:00
913104499,sell,0.00054038,90796.28,2025-11-29 22:48:00.266476+00:00
913104501,sell,0.01889841,90796.2,2025-11-29 22:48:00.274391+00:00
913104500,sell,0.00110159,90794.93,2025-11-29 22:48:00.274391+00:00
913104501,sell,0.01889841,90796.2,2025-11-29 22:48:00.274391+00:00
913104501,sell,0.01889841,90796.2,2025-11-29 22:48:00.274391+00:00
913104500,sell,0.00110159,90794.93,2025-11-29 22:48:00.274391+00:00
913104500,sell,0.00110159,90794.93,2025-11-29 22:48:00.274391+00:00
913104500,sell,0.00110159,90794.93,2025-11-29 22:48:00.274391+00:00
913104501,sell,0.01889841,90796.2,2025-11-29 22:48:00.274391+00:00
913104502,sell,0.003,90796.2,2025-11-29 22:48:00.274571+00:00
913104502,sell,0.003,90796.2,2025-11-29 22:48:00.274571+00:00
913104502,sell,0.003,90796.2,2025-11-29 22:48:00.274571+00:00
913104502,sell,0.003,90796.2,2025-11-29 22:48:00.274571+00:00
913104504,sell,0.003,90796.27,2025-11-29 22:48:00.274833+00:00
913104503,sell,0.00147261,90796.2,2025-11-29 22:48:00.274833+00:00
913104504,sell,0.003,90796.27,2025-11-29 22:48:00.274833+00:00
913104505,sell,0.03004739,90796.28,2025-11-29 22:48:00.274833+00:00
913104503,sell,0.00147261,90796.2,2025-11-29 22:48:00.274833+00:00
913104504,sell,0.003,90796.27,2025-11-29 22:48:00.274833+00:00
913104505,sell,0.03004739,90796.28,2025-11-29 22:48:00.274833+00:00
913104503,sell,0.00147261,90796.2,2025-11-29 22:48:00.274833+00:00
913104505,sell,0.03004739,90796.28,2025-11-29 22:48:00.274833+00:00
913104505,sell,0.03004739,90796.28,2025-11-29 22:48:00.274833+00:00
913104504,sell,0.003,90796.27,2025-11-29 22:48:00.274833+00:00
913104503,sell,0.00147261,90796.2,2025-11-29 22:48:00.274833+00:00
913104506,sell,0.00135306,90794.92,2025-11-29 22:48:00.279353+00:00
913104507,sell,0.00110159,90795.02,2025-11-29 22:48:00.279353+00:00
913104506,sell,0.00135306,90794.92,2025-11-29 22:48:00.279353+00:00
913104507,sell,0.00110159,90795.02,2025-11-29 22:48:00.279353+00:00
913104506,sell,0.00135306,90794.92,2025-11-29 22:48:00.279353+00:00
913104507,sell,0.00110159,90795.02,2025-11-29 22:48:00.279353+00:00
913104507,sell,0.00110159,90795.02,2025-11-29 22:48:00.279353+00:00
913104506,sell,0.00135306,90794.92,2025-11-29 22:48:00.279353+00:00
913104509,sell,0.001997,90798.61,2025-11-29 22:48:00.343951+00:00
913104509,sell,0.001997,90798.61,2025-11-29 22:48:00.343951+00:00
913104508,sell,1.3e-05,90798.6,2025-11-29 22:48:00.343951+00:00
913104508,sell,1.3e-05,90798.6,2025-11-29 22:48:00.343951+00:00
913104509,sell,0.001997,90798.61,2025-11-29 22:48:00.343951+00:00
913104508,sell,1.3e-05,90798.6,2025-11-29 22:48:00.343951+00:00
913104508,sell,1.3e-05,90798.6,2025-11-29 22:48:00.343951+00:00
913104509,sell,0.001997,90798.61,2025-11-29 22:48:00.343951+00:00
913104510,sell,1.479e-05,90798.61,2025-11-29 22:48:00.348461+00:00
913104510,sell,1.479e-05,90798.61,2025-11-29 22:48:00.348461+00:00
913104510,sell,1.479e-05,90798.61,2025-11-29 22:48:00.348461+00:00
913104510,sell,1.479e-05,90798.61,2025-11-29 22:48:00.348461+00:00
913104511,sell,0.00110152,90800.51,2025-11-29 22:48:00.395720+00:00
913104511,sell,0.00110152,90800.51,2025-11-29 22:48:00.395720+00:00
913104511,sell,0.00110152,90800.51,2025-11-29 22:48:00.395720+00:00
913104511,sell,0.00110152,90800.51,2025-11-29 22:48:00.395720+00:00
913104512,sell,1.3e-05,90802.7,2025-11-29 22:48:00.626284+00:00
913104512,sell,1.3e-05,90802.7,2025-11-29 22:48:00.626284+00:00
913104513,sell,0.01089173,90804.84,2025-11-29 22:48:00.626284+00:00
913104513,sell,0.01089173,90804.84,2025-11-29 22:48:00.626284+00:00
913104512,sell,1.3e-05,90802.7,2025-11-29 22:48:00.626284+00:00
913104513,sell,0.01089173,90804.84,2025-11-29 22:48:00.626284+00:00
913104512,sell,1.3e-05,90802.7,2025-11-29 22:48:00.626284+00:00
913104513,sell,0.01089173,90804.84,2025-11-29 22:48:00.626284+00:00
913104514,buy,0.00022666,90802.69,2025-11-29 22:48:00.628422+00:00
913104514,buy,0.00022666,90802.69,2025-11-29 22:48:00.628422+00:00
913104514,buy,0.00022666,90802.69,2025-11-29 22:48:00.628422+00:00
913104514,buy,0.00022666,90802.69,2025-11-29 22:48:00.628422+00:00
913104515,sell,1.3e-05,90806.8,2025-11-29 22:48:01.326523+00:00
913104515,sell,1.3e-05,90806.8,2025-11-29 22:48:01.326523+00:00
913104515,sell,1.3e-05,90806.8,2025-11-29 22:48:01.326523+00:00
913104515,sell,1.3e-05,90806.8,2025-11-29 22:48:01.326523+00:00
913104516,buy,5.23e-05,90810.89,2025-11-29 22:48:01.628563+00:00
913104516,buy,5.23e-05,90810.89,2025-11-29 22:48:01.628563+00:00
913104516,buy,5.23e-05,90810.89,2025-11-29 22:48:01.628563+00:00
913104516,buy,5.23e-05,90810.89,2025-11-29 22:48:01.628563+00:00
913104517,sell,1.3e-05,90810.9,2025-11-29 22:48:01.803753+00:00
913104517,sell,1.3e-05,90810.9,2025-11-29 22:48:01.803753+00:00
913104517,sell,1.3e-05,90810.9,2025-11-29 22:48:01.803753+00:00
913104517,sell,1.3e-05,90810.9,2025-11-29 22:48:01.803753+00:00
913104518,sell,1.3e-05,90815.0,2025-11-29 22:48:01.847764+00:00
913104519,sell,0.001977,90815.39,2025-11-29 22:48:01.847764+00:00
913104519,sell,0.001977,90815.39,2025-11-29 22:48:01.847764+00:00
913104518,sell,1.3e-05,90815.0,2025-11-29 22:48:01.847764+00:00
913104518,sell,1.3e-05,90815.0,2025-11-29 22:48:01.847764+00:00
913104519,sell,0.001977,90815.39,2025-11-29 22:48:01.847764+00:00
913104518,sell,1.3e-05,90815.0,2025-11-29 22:48:01.847764+00:00
913104519,sell,0.001977,90815.39,2025-11-29 22:48:01.847764+00:00
913104520,sell,0.00053503,90821.76,2025-11-29 22:48:02.369776+00:00
913104520,sell,0.00053503,90821.76,2025-11-29 22:48:02.369776+00:00
913104520,sell,0.00053503,90821.76,2025-11-29 22:48:02.369776+00:00
913104520,sell,0.00053503,90821.76,2025-11-29 22:48:02.369776+00:00
913104521,sell,0.00055,90821.76,2025-11-29 22:48:02.533440+00:00
913104521,sell,0.00055,90821.76,2025-11-29 22:48:02.533440+00:00
913104521,sell,0.00055,90821.76,2025-11-29 22:48:02.533440+00:00
913104521,sell,0.00055,90821.76,2025-11-29 22:48:02.533440+00:00
913104522,sell,0.00794,90821.76,2025-11-29 22:48:02.537277+00:00
913104522,sell,0.00794,90821.76,2025-11-29 22:48:02.537277+00:00
913104522,sell,0.00794,90821.76,2025-11-29 22:48:02.537277+00:00
913104522,sell,0.00794,90821.76,2025-11-29 22:48:02.537277+00:00
913104523,sell,8.35e-06,90821.76,2025-11-29 22:48:02.709408+00:00
913104524,sell,1.3e-05,90823.2,2025-11-29 22:48:02.709408+00:00
913104523,sell,8.35e-06,90821.76,2025-11-29 22:48:02.709408+00:00
913104524,sell,1.3e-05,90823.2,2025-11-29 22:48:02.709408+00:00
913104523,sell,8.35e-06,90821.76,2025-11-29 22:48:02.709408+00:00
913104524,sell,1.3e-05,90823.2,2025-11-29 22:48:02.709408+00:00
913104524,sell,1.3e-05,90823.2,2025-11-29 22:48:02.709408+00:00
913104523,sell,8.35e-06,90821.76,2025-11-29 22:48:02.709408+00:00
913104525,buy,0.00135449,90827.68,2025-11-29 22:48:02.821222+00:00
913104525,buy,0.00135449,90827.68,2025-11-29 22:48:02.821222+00:00
913104525,buy,0.00135449,90827.68,2025-11-29 22:48:02.821222+00:00
913104525,buy,0.00135449,90827.68,2025-11-29 22:48:02.821222+00:00
913104526,sell,0.00055,90827.69,2025-11-29 22:48:02.913078+00:00
913104526,sell,0.00055,90827.69,2025-11-29 22:48:02.913078+00:00
913104526,sell,0.00055,90827.69,2025-11-29 22:48:02.913078+00:00
913104526,sell,0.00055,90827.69,2025-11-29 22:48:02.913078+00:00
913104527,sell,0.0084,90827.74,2025-11-29 22:48:02.971653+00:00
913104527,sell,0.0084,90827.74,2025-11-29 22:48:02.971653+00:00
913104527,sell,0.0084,90827.74,2025-11-29 22:48:02.971653+00:00
913104527,sell,0.0084,90827.74,2025-11-29 22:48:02.971653+00:00
913104528,sell,0.02497,90827.74,2025-11-29 22:48:03.023208+00:00
913104528,sell,0.02497,90827.74,2025-11-29 22:48:03.023208+00:00
913104528,sell,0.02497,90827.74,2025-11-29 22:48:03.023208+00:00
913104528,sell,0.02497,90827.74,2025-11-29 22:48:03.023208+00:00
913104532,sell,1.101e-05,90832.78,2025-11-29 22:48:04.066456+00:00
913104529,sell,2.79e-06,90827.74,2025-11-29 22:48:04.066456+00:00
913104533,sell,0.05504583,90833.39,2025-11-29 22:48:04.066456+00:00
913104533,sell,0.05504583,90833.39,2025-11-29 22:48:04.066456+00:00
913104532,sell,1.101e-05,90832.78,2025-11-29 22:48:04.066456+00:00
913104531,sell,1.3e-05,90831.4,2025-11-29 22:48:04.066456+00:00
913104530,sell,0.02336232,90829.99,2025-11-29 22:48:04.066456+00:00
913104529,sell,2.79e-06,90827.74,2025-11-29 22:48:04.066456+00:00
913104531,sell,1.3e-05,90831.4,2025-11-29 22:48:04.066456+00:00
913104530,sell,0.02336232,90829.99,2025-11-29 22:48:04.066456+00:00
913104529,sell,2.79e-06,90827.74,2025-11-29 22:48:04.066456+00:00
913104530,sell,0.02336232,90829.99,2025-11-29 22:48:04.066456+00:00
913104529,sell,2.79e-06,90827.74,2025-11-29 22:48:04.066456+00:00
913104532,sell,1.101e-05,90832.78,2025-11-29 22:48:04.066456+00:00
913104533,sell,0.05504583,90833.39,2025-11-29 22:48:04.066456+00:00
913104533,sell,0.05504583,90833.39,2025-11-29 22:48:04.066456+00:00
913104532,sell,1.101e-05,90832.78,2025-11-29 22:48:04.066456+00:00
913104531,sell,1.3e-05,90831.4,2025-11-29 22:48:04.066456+00:00
913104530,sell,0.02336232,90829.99,2025-11-29 22:48:04.066456+00:00
913104531,sell,1.3e-05,90831.4,2025-11-29 22:48:04.066456+00:00
913104534,sell,1.3e-05,90835.5,2025-11-29 22:48:04.074826+00:00
913104534,sell,1.3e-05,90835.5,2025-11-29 22:48:04.074826+00:00
913104534,sell,1.3e-05,90835.5,2025-11-29 22:48:04.074826+00:00
913104534,sell,1.3e-05,90835.5,2025-11-29 22:48:04.074826+00:00
913104535,sell,1.3e-05,90839.6,2025-11-29 22:48:06.577806+00:00
913104536,sell,0.00024869,90839.62,2025-11-29 22:48:06.577806+00:00
913104536,sell,0.00024869,90839.62,2025-11-29 22:48:06.577806+00:00
913104535,sell,1.3e-05,90839.6,2025-11-29 22:48:06.577806+00:00
913104535,sell,1.3e-05,90839.6,2025-11-29 22:48:06.577806+00:00
913104536,sell,0.00024869,90839.62,2025-11-29 22:48:06.577806+00:00
913104536,sell,0.00024869,90839.62,2025-11-29 22:48:06.577806+00:00
913104535,sell,1.3e-05,90839.6,2025-11-29 22:48:06.577806+00:00
913104537,sell,0.00052234,90839.62,2025-11-29 22:48:07.066576+00:00
913104537,sell,0.00052234,90839.62,2025-11-29 22:48:07.066576+00:00
913104537,sell,0.00052234,90839.62,2025-11-29 22:48:07.066576+00:00
913104537,sell,0.00052234,90839.62,2025-11-29 22:48:07.066576+00:00
913104538,sell,0.00014979,90839.51,2025-11-29 22:48:08.536238+00:00
913104538,sell,0.00014979,90839.51,2025-11-29 22:48:08.536238+00:00
913104538,sell,0.00014979,90839.51,2025-11-29 22:48:08.536238+00:00
913104538,sell,0.00014979,90839.51,2025-11-29 22:48:08.536238+00:00
913104539,buy,2.224e-05,90839.5,2025-11-29 22:48:09.306791+00:00
913104539,buy,2.224e-05,90839.5,2025-11-29 22:48:09.306791+00:00
913104539,buy,2.224e-05,90839.5,2025-11-29 22:48:09.306791+00:00
913104539,buy,2.224e-05,90839.5,2025-11-29 22:48:09.306791+00:00
913104540,sell,0.00031332,90839.51,2025-11-29 22:48:09.547032+00:00
913104540,sell,0.00031332,90839.51,2025-11-29 22:48:09.547032+00:00
913104540,sell,0.00031332,90839.51,2025-11-29 22:48:09.547032+00:00
913104540,sell,0.00031332,90839.51,2025-11-29 22:48:09.547032+00:00
913104541,buy,0.00033014,90839.5,2025-11-29 22:48:09.665431+00:00
913104541,buy,0.00033014,90839.5,2025-11-29 22:48:09.665431+00:00
913104541,buy,0.00033014,90839.5,2025-11-29 22:48:09.665431+00:00
913104541,buy,0.00033014,90839.5,2025-11-29 22:48:09.665431+00:00
913104542,sell,0.00057452,90839.07,2025-11-29 22:48:10.286147+00:00
913104542,sell,0.00057452,90839.07,2025-11-29 22:48:10.286147+00:00
913104542,sell,0.00057452,90839.07,2025-11-29 22:48:10.286147+00:00
913104542,sell,0.00057452,90839.07,2025-11-29 22:48:10.286147+00:00
913104543,sell,0.00109204,90839.07,2025-11-29 22:48:10.937783+00:00
913104543,sell,0.00109204,90839.07,2025-11-29 22:48:10.937783+00:00
913104543,sell,0.00109204,90839.07,2025-11-29 22:48:10.937783+00:00
913104543,sell,0.00109204,90839.07,2025-11-29 22:48:10.937783+00:00
913104544,sell,0.00054381,90839.07,2025-11-29 22:48:11.069067+00:00
913104544,sell,0.00054381,90839.07,2025-11-29 22:48:11.069067+00:00
913104544,sell,0.00054381,90839.07,2025-11-29 22:48:11.069067+00:00
913104544,sell,0.00054381,90839.07,2025-11-29 22:48:11.069067+00:00
913104545,sell,0.00062659,90839.07,2025-11-29 22:48:11.476274+00:00
913104545,sell,0.00062659,90839.07,2025-11-29 22:48:11.476274+00:00
913104545,sell,0.00062659,90839.07,2025-11-29 22:48:11.476274+00:00
913104545,sell,0.00062659,90839.07,2025-11-29 22:48:11.476274+00:00
913104546,sell,0.00020888,90839.07,2025-11-29 22:48:12.468134+00:00
913104546,sell,0.00020888,90839.07,2025-11-29 22:48:12.468134+00:00
913104546,sell,0.00020888,90839.07,2025-11-29 22:48:12.468134+00:00
913104546,sell,0.00020888,90839.07,2025-11-29 22:48:12.468134+00:00
913104548,buy,0.01100848,90839.05,2025-11-29 22:48:13.848650+00:00
913104549,buy,4.206e-05,90839.05,2025-11-29 22:48:13.848650+00:00
913104549,buy,4.206e-05,90839.05,2025-11-29 22:48:13.848650+00:00
913104548,buy,0.01100848,90839.05,2025-11-29 22:48:13.848650+00:00
913104547,buy,0.00162118,90839.06,2025-11-29 22:48:13.848650+00:00
913104549,buy,4.206e-05,90839.05,2025-11-29 22:48:13.848650+00:00
913104548,buy,0.01100848,90839.05,2025-11-29 22:48:13.848650+00:00
913104547,buy,0.00162118,90839.06,2025-11-29 22:48:13.848650+00:00
913104547,buy,0.00162118,90839.06,2025-11-29 22:48:13.848650+00:00
913104548,buy,0.01100848,90839.05,2025-11-29 22:48:13.848650+00:00
913104549,buy,4.206e-05,90839.05,2025-11-29 22:48:13.848650+00:00
913104547,buy,0.00162118,90839.06,2025-11-29 22:48:13.848650+00:00
913104550,buy,5.793e-05,90835.59,2025-11-29 22:48:14.508920+00:00
913104550,buy,5.793e-05,90835.59,2025-11-29 22:48:14.508920+00:00
913104550,buy,5.793e-05,90835.59,2025-11-29 22:48:14.508920+00:00
913104550,buy,5.793e-05,90835.59,2025-11-29 22:48:14.508920+00:00
913104551,sell,7.02e-05,90835.6,2025-11-29 22:48:15.432464+00:00
913104551,sell,7.02e-05,90835.6,2025-11-29 22:48:15.432464+00:00
913104551,sell,7.02e-05,90835.6,2025-11-29 22:48:15.432464+00:00
913104551,sell,7.02e-05,90835.6,2025-11-29 22:48:15.432464+00:00
913104552,sell,0.00036542,90832.14,2025-11-29 22:48:16.350511+00:00
913104552,sell,0.00036542,90832.14,2025-11-29 22:48:16.350511+00:00
913104552,sell,0.00036542,90832.14,2025-11-29 22:48:16.350511+00:00
913104552,sell,0.00036542,90832.14,2025-11-29 22:48:16.350511+00:00
913104553,buy,0.00343678,90832.13,2025-11-29 22:48:16.389188+00:00
913104553,buy,0.00343678,90832.13,2025-11-29 22:48:16.389188+00:00
913104553,buy,0.00343678,90832.13,2025-11-29 22:48:16.389188+00:00
913104553,buy,0.00343678,90832.13,2025-11-29 22:48:16.389188+00:00
913104554,sell,0.00022666,90831.41,2025-11-29 22:48:17.181629+00:00
913104554,sell,0.00022666,90831.41,2025-11-29 22:48:17.181629+00:00
913104554,sell,0.00022666,90831.41,2025-11-29 22:48:17.181629+00:00
913104554,sell,0.00022666,90831.41,2025-11-29 22:48:17.181629+00:00
913104555,sell,0.00084517,90831.41,2025-11-29 22:48:17.257426+00:00
913104555,sell,0.00084517,90831.41,2025-11-29 22:48:17.257426+00:00
913104555,sell,0.00084517,90831.41,2025-11-29 22:48:17.257426+00:00
913104555,sell,0.00084517,90831.41,2025-11-29 22:48:17.257426+00:00
913104557,sell,0.00057005,90831.41,2025-11-29 22:48:18.573230+00:00
913104556,sell,2.936e-05,90831.41,2025-11-29 22:48:18.573230+00:00
913104556,sell,2.936e-05,90831.41,2025-11-29 22:48:18.573230+00:00
913104557,sell,0.00057005,90831.41,2025-11-29 22:48:18.573230+00:00
913104557,sell,0.00057005,90831.41,2025-11-29 22:48:18.573230+00:00
913104556,sell,2.936e-05,90831.41,2025-11-29 22:48:18.573230+00:00
913104557,sell,0.00057005,90831.41,2025-11-29 22:48:18.573230+00:00
913104556,sell,2.936e-05,90831.41,2025-11-29 22:48:18.573230+00:00
913104560,sell,0.00110119,90831.41,2025-11-29 22:48:19.630676+00:00
913104561,sell,0.05504703,90831.42,2025-11-29 22:48:19.630676+00:00
913104562,sell,0.00210869,90831.43,2025-11-29 22:48:19.630676+00:00
913104559,sell,0.0015,90831.41,2025-11-29 22:48:19.630676+00:00
913104558,sell,0.00442995,90831.41,2025-11-29 22:48:19.630676+00:00
913104560,sell,0.00110119,90831.41,2025-11-29 22:48:19.630676+00:00
913104558,sell,0.00442995,90831.41,2025-11-29 22:48:19.630676+00:00
913104559,sell,0.0015,90831.41,2025-11-29 22:48:19.630676+00:00
913104562,sell,0.00210869,90831.43,2025-11-29 22:48:19.630676+00:00
913104561,sell,0.05504703,90831.42,2025-11-29 22:48:19.630676+00:00
913104560,sell,0.00110119,90831.41,2025-11-29 22:48:19.630676+00:00
913104559,sell,0.0015,90831.41,2025-11-29 22:48:19.630676+00:00
913104558,sell,0.00442995,90831.41,2025-11-29 22:48:19.630676+00:00
913104561,sell,0.05504703,90831.42,2025-11-29 22:48:19.630676+00:00
913104558,sell,0.00442995,90831.41,2025-11-29 22:48:19.630676+00:00
913104562,sell,0.00210869,90831.43,2025-11-29 22:48:19.630676+00:00
913104559,sell,0.0015,90831.41,2025-11-29 22:48:19.630676+00:00
913104560,sell,0.00110119,90831.41,2025-11-29 22:48:19.630676+00:00
913104561,sell,0.05504703,90831.42,2025-11-29 22:48:19.630676+00:00
913104562,sell,0.00210869,90831.43,2025-11-29 22:48:19.630676+00:00
913104563,buy,1.3e-05,90831.4,2025-11-29 22:48:20.011517+00:00
913104564,buy,0.00020832,90830.96,2025-11-29 22:48:20.011517+00:00
913104563,buy,1.3e-05,90831.4,2025-11-29 22:48:20.011517+00:00
913104564,buy,0.00020832,90830.96,2025-11-29 22:48:20.011517+00:00
913104563,buy,1.3e-05,90831.4,2025-11-29 22:48:20.011517+00:00
913104563,buy,1.3e-05,90831.4,2025-11-29 22:48:20.011517+00:00
913104564,buy,0.00020832,90830.96,2025-11-29 22:48:20.011517+00:00
913104564,buy,0.00020832,90830.96,2025-11-29 22:48:20.011517+00:00
913104565,sell,0.0015,90830.98,2025-11-29 22:48:20.105641+00:00
913104565,sell,0.0015,90830.98,2025-11-29 22:48:20.105641+00:00
913104566,sell,0.00919827,90830.99,2025-11-29 22:48:20.105641+00:00
913104566,sell,0.00919827,90830.99,2025-11-29 22:48:20.105641+00:00
913104565,sell,0.0015,90830.98,2025-11-29 22:48:20.105641+00:00
913104566,sell,0.00919827,90830.99,2025-11-29 22:48:20.105641+00:00
913104565,sell,0.0015,90830.98,2025-11-29 22:48:20.105641+00:00
913104566,sell,0.00919827,90830.99,2025-11-29 22:48:20.105641+00:00
913104567,sell,0.0015,90830.97,2025-11-29 22:48:20.580949+00:00
913104568,sell,0.0134769,90830.98,2025-11-29 22:48:20.580949+00:00
913104568,sell,0.0134769,90830.98,2025-11-29 22:48:20.580949+00:00
913104567,sell,0.0015,90830.97,2025-11-29 22:48:20.580949+00:00
913104568,sell,0.0134769,90830.98,2025-11-29 22:48:20.580949+00:00
913104567,sell,0.0015,90830.97,2025-11-29 22:48:20.580949+00:00
913104568,sell,0.0134769,90830.98,2025-11-29 22:48:20.580949+00:00
913104567,sell,0.0015,90830.97,2025-11-29 22:48:20.580949+00:00
913104569,sell,0.00066,90830.99,2025-11-29 22:48:21.696893+00:00
913104569,sell,0.00066,90830.99,2025-11-29 22:48:21.696893+00:00
913104569,sell,0.00066,90830.99,2025-11-29 22:48:21.696893+00:00
913104569,sell,0.00066,90830.99,2025-11-29 22:48:21.696893+00:00
913104570,sell,4.925e-05,90830.99,2025-11-29 22:48:22.236141+00:00
913104570,sell,4.925e-05,90830.99,2025-11-29 22:48:22.236141+00:00
913104570,sell,4.925e-05,90830.99,2025-11-29 22:48:22.236141+00:00
913104570,sell,4.925e-05,90830.99,2025-11-29 22:48:22.236141+00:00
913104571,sell,0.00020882,90830.99,2025-11-29 22:48:23.653671+00:00
913104571,sell,0.00020882,90830.99,2025-11-29 22:48:23.653671+00:00
913104571,sell,0.00020882,90830.99,2025-11-29 22:48:23.653671+00:00
913104571,sell,0.00020882,90830.99,2025-11-29 22:48:23.653671+00:00
913104573,buy,3.271e-05,90830.96,2025-11-29 22:48:24.051439+00:00
913104572,buy,1.143e-05,90830.98,2025-11-29 22:48:24.051439+00:00
913104572,buy,1.143e-05,90830.98,2025-11-29 22:48:24.051439+00:00
913104572,buy,1.143e-05,90830.98,2025-11-29 22:48:24.051439+00:00
913104572,buy,1.143e-05,90830.98,2025-11-29 22:48:24.051439+00:00
913104573,buy,3.271e-05,90830.96,2025-11-29 22:48:24.051439+00:00
913104573,buy,3.271e-05,90830.96,2025-11-29 22:48:24.051439+00:00
913104573,buy,3.271e-05,90830.96,2025-11-29 22:48:24.051439+00:00
913104574,sell,0.00071,90830.99,2025-11-29 22:48:25.029056+00:00
913104574,sell,0.00071,90830.99,2025-11-29 22:48:25.029056+00:00
913104574,sell,0.00071,90830.99,2025-11-29 22:48:25.029056+00:00
913104574,sell,0.00071,90830.99,2025-11-29 22:48:25.029056+00:00
913104575,sell,6.004e-05,90830.99,2025-11-29 22:48:25.222811+00:00
913104575,sell,6.004e-05,90830.99,2025-11-29 22:48:25.222811+00:00
913104575,sell,6.004e-05,90830.99,2025-11-29 22:48:25.222811+00:00
913104575,sell,6.004e-05,90830.99,2025-11-29 22:48:25.222811+00:00
913104576,sell,0.00208843,90830.97,2025-11-29 22:48:25.913770+00:00
913104576,sell,0.00208843,90830.97,2025-11-29 22:48:25.913770+00:00
913104576,sell,0.00208843,90830.97,2025-11-29 22:48:25.913770+00:00
913104576,sell,0.00208843,90830.97,2025-11-29 22:48:25.913770+00:00
913104577,sell,0.00102,90830.97,2025-11-29 22:48:26.958067+00:00
913104577,sell,0.00102,90830.97,2025-11-29 22:48:26.958067+00:00
913104577,sell,0.00102,90830.97,2025-11-29 22:48:26.958067+00:00
913104577,sell,0.00102,90830.97,2025-11-29 22:48:26.958067+00:00
913104578,sell,0.00011487,90830.97,2025-11-29 22:48:27.044847+00:00
913104578,sell,0.00011487,90830.97,2025-11-29 22:48:27.044847+00:00
913104578,sell,0.00011487,90830.97,2025-11-29 22:48:27.044847+00:00
913104578,sell,0.00011487,90830.97,2025-11-29 22:48:27.044847+00:00
913104579,sell,0.00117685,90830.97,2025-11-29 22:48:27.231228+00:00
913104579,sell,0.00117685,90830.97,2025-11-29 22:48:27.231228+00:00
913104579,sell,0.00117685,90830.97,2025-11-29 22:48:27.231228+00:00
913104579,sell,0.00117685,90830.97,2025-11-29 22:48:27.231228+00:00
913104580,buy,0.00021127,90830.96,2025-11-29 22:48:28.467582+00:00
913104580,buy,0.00021127,90830.96,2025-11-29 22:48:28.467582+00:00
913104580,buy,0.00021127,90830.96,2025-11-29 22:48:28.467582+00:00
913104580,buy,0.00021127,90830.96,2025-11-29 22:48:28.467582+00:00
913104581,buy,0.00031627,90830.96,2025-11-29 22:48:29.159138+00:00
913104581,buy,0.00031627,90830.96,2025-11-29 22:48:29.159138+00:00
913104581,buy,0.00031627,90830.96,2025-11-29 22:48:29.159138+00:00
913104581,buy,0.00031627,90830.96,2025-11-29 22:48:29.159138+00:00
913104582,sell,0.00022,90830.97,2025-11-29 22:48:30.296076+00:00
913104582,sell,0.00022,90830.97,2025-11-29 22:48:30.296076+00:00
913104582,sell,0.00022,90830.97,2025-11-29 22:48:30.296076+00:00
913104582,sell,0.00022,90830.97,2025-11-29 22:48:30.296076+00:00
913104583,sell,0.00054497,90830.97,2025-11-29 22:48:31.791516+00:00
913104583,sell,0.00054497,90830.97,2025-11-29 22:48:31.791516+00:00
913104583,sell,0.00054497,90830.97,2025-11-29 22:48:31.791516+00:00
913104583,sell,0.00054497,90830.97,2025-11-29 22:48:31.791516+00:00
913104584,sell,0.00010899,90827.78,2025-11-29 22:48:32.900716+00:00
913104584,sell,0.00010899,90827.78,2025-11-29 22:48:32.900716+00:00
913104584,sell,0.00010899,90827.78,2025-11-29 22:48:32.900716+00:00
913104584,sell,0.00010899,90827.78,2025-11-29 22:48:32.900716+00:00
913104585,sell,4.868e-05,90827.78,2025-11-29 22:48:33.380347+00:00
913104585,sell,4.868e-05,90827.78,2025-11-29 22:48:33.380347+00:00
913104585,sell,4.868e-05,90827.78,2025-11-29 22:48:33.380347+00:00
913104585,sell,4.868e-05,90827.78,2025-11-29 22:48:33.380347+00:00
913104586,buy,1.44e-05,90827.77,2025-11-29 22:48:33.904974+00:00
913104587,buy,0.00012622,90827.73,2025-11-29 22:48:33.904974+00:00
913104587,buy,0.00012622,90827.73,2025-11-29 22:48:33.904974+00:00
913104586,buy,1.44e-05,90827.77,2025-11-29 22:48:33.904974+00:00
913104587,buy,0.00012622,90827.73,2025-11-29 22:48:33.904974+00:00
913104586,buy,1.44e-05,90827.77,2025-11-29 22:48:33.904974+00:00
913104586,buy,1.44e-05,90827.77,2025-11-29 22:48:33.904974+00:00
913104587,buy,0.00012622,90827.73,2025-11-29 22:48:33.904974+00:00
913104588,sell,0.00038638,90827.75,2025-11-29 22:48:34.088377+00:00
913104588,sell,0.00038638,90827.75,2025-11-29 22:48:34.088377+00:00
913104588,sell,0.00038638,90827.75,2025-11-29 22:48:34.088377+00:00
913104588,sell,0.00038638,90827.75,2025-11-29 22:48:34.088377+00:00
913104589,sell,0.00068328,90827.76,2025-11-29 22:48:34.277070+00:00
913104589,sell,0.00068328,90827.76,2025-11-29 22:48:34.277070+00:00
913104589,sell,0.00068328,90827.76,2025-11-29 22:48:34.277070+00:00
913104589,sell,0.00068328,90827.76,2025-11-29 22:48:34.277070+00:00
913104590,sell,0.00036546,90827.76,2025-11-29 22:48:34.680453+00:00
913104590,sell,0.00036546,90827.76,2025-11-29 22:48:34.680453+00:00
913104590,sell,0.00036546,90827.76,2025-11-29 22:48:34.680453+00:00
913104590,sell,0.00036546,90827.76,2025-11-29 22:48:34.680453+00:00
913104591,sell,0.00126,90827.76,2025-11-29 22:48:36.875798+00:00
913104591,sell,0.00126,90827.76,2025-11-29 22:48:36.875798+00:00
913104591,sell,0.00126,90827.76,2025-11-29 22:48:36.875798+00:00
913104591,sell,0.00126,90827.76,2025-11-29 22:48:36.875798+00:00
913104592,buy,1.314e-05,90827.75,2025-11-29 22:48:37.098439+00:00
913104593,buy,0.00057243,90827.73,2025-11-29 22:48:37.098439+00:00
913104593,buy,0.00057243,90827.73,2025-11-29 22:48:37.098439+00:00
913104592,buy,1.314e-05,90827.75,2025-11-29 22:48:37.098439+00:00
913104592,buy,1.314e-05,90827.75,2025-11-29 22:48:37.098439+00:00
913104592,buy,1.314e-05,90827.75,2025-11-29 22:48:37.098439+00:00
913104593,buy,0.00057243,90827.73,2025-11-29 22:48:37.098439+00:00
913104593,buy,0.00057243,90827.73,2025-11-29 22:48:37.098439+00:00
913104594,sell,0.0012531,90827.76,2025-11-29 22:48:38.693160+00:00
913104594,sell,0.0012531,90827.76,2025-11-29 22:48:38.693160+00:00
913104594,sell,0.0012531,90827.76,2025-11-29 22:48:38.693160+00:00
913104594,sell,0.0012531,90827.76,2025-11-29 22:48:38.693160+00:00
913104595,sell,0.00055,90827.76,2025-11-29 22:48:40.013290+00:00
913104595,sell,0.00055,90827.76,2025-11-29 22:48:40.013290+00:00
913104595,sell,0.00055,90827.76,2025-11-29 22:48:40.013290+00:00
913104595,sell,0.00055,90827.76,2025-11-29 22:48:40.013290+00:00
913104596,sell,0.00544968,90829.44,2025-11-29 22:48:41.117292+00:00
913104596,sell,0.00544968,90829.44,2025-11-29 22:48:41.117292+00:00
913104596,sell,0.00544968,90829.44,2025-11-29 22:48:41.117292+00:00
913104596,sell,0.00544968,90829.44,2025-11-29 22:48:41.117292+00:00
913104604,buy,0.05546302,90827.32,2025-11-29 22:48:41.757717+00:00
913104597,buy,0.11009223,90829.43,2025-11-29 22:48:41.757717+00:00
913104598,buy,4.761e-05,90829.43,2025-11-29 22:48:41.757717+00:00
913104599,buy,0.19769,90829.43,2025-11-29 22:48:41.757717+00:00
913104602,buy,0.00020932,90827.73,2025-11-29 22:48:41.757717+00:00
913104603,buy,1.351e-05,90827.33,2025-11-29 22:48:41.757717+00:00
913104601,buy,0.01468671,90828.34,2025-11-29 22:48:41.757717+00:00
913104600,buy,0.0110097,90828.98,2025-11-29 22:48:41.757717+00:00
913104599,buy,0.19769,90829.43,2025-11-29 22:48:41.757717+00:00
913104598,buy,4.761e-05,90829.43,2025-11-29 22:48:41.757717+00:00
913104597,buy,0.11009223,90829.43,2025-11-29 22:48:41.757717+00:00
913104604,buy,0.05546302,90827.32,2025-11-29 22:48:41.757717+00:00
913104600,buy,0.0110097,90828.98,2025-11-29 22:48:41.757717+00:00
913104601,buy,0.01468671,90828.34,2025-11-29 22:48:41.757717+00:00
913104603,buy,1.351e-05,90827.33,2025-11-29 22:48:41.757717+00:00
913104602,buy,0.00020932,90827.73,2025-11-29 22:48:41.757717+00:00
913104602,buy,0.00020932,90827.73,2025-11-29 22:48:41.757717+00:00
913104602,buy,0.00020932,90827.73,2025-11-29 22:48:41.757717+00:00
913104604,buy,0.05546302,90827.32,2025-11-29 22:48:41.757717+00:00
913104601,buy,0.01468671,90828.34,2025-11-29 22:48:41.757717+00:00
913104600,buy,0.0110097,90828.98,2025-11-29 22:48:41.757717+00:00
913104604,buy,0.05546302,90827.32,2025-11-29 22:48:41.757717+00:00
913104603,buy,1.351e-05,90827.33,2025-11-29 22:48:41.757717+00:00
913104599,buy,0.19769,90829.43,2025-11-29 22:48:41.757717+00:00
913104601,buy,0.01468671,90828.34,2025-11-29 22:48:41.757717+00:00
913104600,buy,0.0110097,90828.98,2025-11-29 22:48:41.757717+00:00
913104599,buy,0.19769,90829.43,2025-11-29 22:48:41.757717+00:00
913104598,buy,4.761e-05,90829.43,2025-11-29 22:48:41.757717+00:00
913104597,buy,0.11009223,90829.43,2025-11-29 22:48:41.757717+00:00
913104603,buy,1.351e-05,90827.33,2025-11-29 22:48:41.757717+00:00
913104597,buy,0.11009223,90829.43,2025-11-29 22:48:41.757717+00:00
913104598,buy,4.761e-05,90829.43,2025-11-29 22:48:41.757717+00:00
913104606,sell,0.00044063,90829.43,2025-11-29 22:48:41.870560+00:00
913104605,sell,1.937e-05,90829.43,2025-11-29 22:48:41.870560+00:00
913104606,sell,0.00044063,90829.43,2025-11-29 22:48:41.870560+00:00
913104605,sell,1.937e-05,90829.43,2025-11-29 22:48:41.870560+00:00
913104605,sell,1.937e-05,90829.43,2025-11-29 22:48:41.870560+00:00
913104606,sell,0.00044063,90829.43,2025-11-29 22:48:41.870560+00:00
913104605,sell,1.937e-05,90829.43,2025-11-29 22:48:41.870560+00:00
913104606,sell,0.00044063,90829.43,2025-11-29 22:48:41.870560+00:00
913104607,sell,0.00455937,90829.43,2025-11-29 22:48:42.002860+00:00
913104608,sell,0.00042063,90829.43,2025-11-29 22:48:42.002860+00:00
913104608,sell,0.00042063,90829.43,2025-11-29 22:48:42.002860+00:00
913104608,sell,0.00042063,90829.43,2025-11-29 22:48:42.002860+00:00
913104607,sell,0.00455937,90829.43,2025-11-29 22:48:42.002860+00:00
913104607,sell,0.00455937,90829.43,2025-11-29 22:48:42.002860+00:00
913104607,sell,0.00455937,90829.43,2025-11-29 22:48:42.002860+00:00
913104608,sell,0.00042063,90829.43,2025-11-29 22:48:42.002860+00:00
913104609,sell,0.00054499,90829.44,2025-11-29 22:48:42.104802+00:00
913104609,sell,0.00054499,90829.44,2025-11-29 22:48:42.104802+00:00
913104609,sell,0.00054499,90829.44,2025-11-29 22:48:42.104802+00:00
913104609,sell,0.00054499,90829.44,2025-11-29 22:48:42.104802+00:00
913104610,sell,5.352e-05,90829.44,2025-11-29 22:48:47.471478+00:00
913104610,sell,5.352e-05,90829.44,2025-11-29 22:48:47.471478+00:00
913104610,sell,5.352e-05,90829.44,2025-11-29 22:48:47.471478+00:00
913104610,sell,5.352e-05,90829.44,2025-11-29 22:48:47.471478+00:00
913104611,sell,0.00160485,90829.44,2025-11-29 22:48:47.619002+00:00
913104611,sell,0.00160485,90829.44,2025-11-29 22:48:47.619002+00:00
913104611,sell,0.00160485,90829.44,2025-11-29 22:48:47.619002+00:00
913104611,sell,0.00160485,90829.44,2025-11-29 22:48:47.619002+00:00
913104612,sell,0.000109,90829.44,2025-11-29 22:48:48.334436+00:00
913104612,sell,0.000109,90829.44,2025-11-29 22:48:48.334436+00:00
913104612,sell,0.000109,90829.44,2025-11-29 22:48:48.334436+00:00
913104612,sell,0.000109,90829.44,2025-11-29 22:48:48.334436+00:00
913104613,sell,0.00217991,90829.44,2025-11-29 22:48:49.166978+00:00
913104613,sell,0.00217991,90829.44,2025-11-29 22:48:49.166978+00:00
913104613,sell,0.00217991,90829.44,2025-11-29 22:48:49.166978+00:00
913104613,sell,0.00217991,90829.44,2025-11-29 22:48:49.166978+00:00
913104614,buy,5.505e-05,90829.43,2025-11-29 22:48:49.199171+00:00
913104614,buy,5.505e-05,90829.43,2025-11-29 22:48:49.199171+00:00
913104614,buy,5.505e-05,90829.43,2025-11-29 22:48:49.199171+00:00
913104614,buy,5.505e-05,90829.43,2025-11-29 22:48:49.199171+00:00
913104615,sell,0.00054498,90829.44,2025-11-29 22:48:49.401529+00:00
913104615,sell,0.00054498,90829.44,2025-11-29 22:48:49.401529+00:00
913104615,sell,0.00054498,90829.44,2025-11-29 22:48:49.401529+00:00
913104615,sell,0.00054498,90829.44,2025-11-29 22:48:49.401529+00:00
913104617,buy,1.175e-05,90828.73,2025-11-29 22:48:50.025472+00:00
913104618,buy,0.00788638,90828.73,2025-11-29 22:48:50.025472+00:00
913104619,buy,0.03714072,90828.71,2025-11-29 22:48:50.025472+00:00
913104616,buy,0.005,90828.73,2025-11-29 22:48:50.025472+00:00
913104617,buy,1.175e-05,90828.73,2025-11-29 22:48:50.025472+00:00
913104618,buy,0.00788638,90828.73,2025-11-29 22:48:50.025472+00:00
913104619,buy,0.03714072,90828.71,2025-11-29 22:48:50.025472+00:00
913104619,buy,0.03714072,90828.71,2025-11-29 22:48:50.025472+00:00
913104619,buy,0.03714072,90828.71,2025-11-29 22:48:50.025472+00:00
913104618,buy,0.00788638,90828.73,2025-11-29 22:48:50.025472+00:00
913104618,buy,0.00788638,90828.73,2025-11-29 22:48:50.025472+00:00
913104616,buy,0.005,90828.73,2025-11-29 22:48:50.025472+00:00
913104616,buy,0.005,90828.73,2025-11-29 22:48:50.025472+00:00
913104617,buy,1.175e-05,90828.73,2025-11-29 22:48:50.025472+00:00
913104617,buy,1.175e-05,90828.73,2025-11-29 22:48:50.025472+00:00
913104616,buy,0.005,90828.73,2025-11-29 22:48:50.025472+00:00
913104620,sell,0.00010627,90828.74,2025-11-29 22:48:50.214196+00:00
913104620,sell,0.00010627,90828.74,2025-11-29 22:48:50.214196+00:00
913104620,sell,0.00010627,90828.74,2025-11-29 22:48:50.214196+00:00
913104620,sell,0.00010627,90828.74,2025-11-29 22:48:50.214196+00:00
913104621,sell,0.00104431,90828.73,2025-11-29 22:48:51.639226+00:00
913104621,sell,0.00104431,90828.73,2025-11-29 22:48:51.639226+00:00
913104621,sell,0.00104431,90828.73,2025-11-29 22:48:51.639226+00:00
913104621,sell,0.00104431,90828.73,2025-11-29 22:48:51.639226+00:00
913104622,buy,2.2e-07,90828.73,2025-11-29 22:48:51.883253+00:00
913104622,buy,2.2e-07,90828.73,2025-11-29 22:48:51.883253+00:00
913104622,buy,2.2e-07,90828.73,2025-11-29 22:48:51.883253+00:00
913104622,buy,2.2e-07,90828.73,2025-11-29 22:48:51.883253+00:00
913104623,sell,0.01089955,90828.74,2025-11-29 22:48:51.995375+00:00
913104623,sell,0.01089955,90828.74,2025-11-29 22:48:51.995375+00:00
913104623,sell,0.01089955,90828.74,2025-11-29 22:48:51.995375+00:00
913104623,sell,0.01089955,90828.74,2025-11-29 22:48:51.995375+00:00
913104624,sell,5.45e-05,90828.74,2025-11-29 22:48:52.003822+00:00
913104624,sell,5.45e-05,90828.74,2025-11-29 22:48:52.003822+00:00
913104624,sell,5.45e-05,90828.74,2025-11-29 22:48:52.003822+00:00
913104624,sell,5.45e-05,90828.74,2025-11-29 22:48:52.003822+00:00
913104625,sell,5.177e-05,90828.74,2025-11-29 22:48:52.183097+00:00
913104625,sell,5.177e-05,90828.74,2025-11-29 22:48:52.183097+00:00
913104625,sell,5.177e-05,90828.74,2025-11-29 22:48:52.183097+00:00
913104625,sell,5.177e-05,90828.74,2025-11-29 22:48:52.183097+00:00
913104626,sell,0.00027249,90828.74,2025-11-29 22:48:52.262050+00:00
913104626,sell,0.00027249,90828.74,2025-11-29 22:48:52.262050+00:00
913104626,sell,0.00027249,90828.74,2025-11-29 22:48:52.262050+00:00
913104626,sell,0.00027249,90828.74,2025-11-29 22:48:52.262050+00:00
913104627,sell,3.27e-05,90828.74,2025-11-29 22:48:52.343976+00:00
913104627,sell,3.27e-05,90828.74,2025-11-29 22:48:52.343976+00:00
913104627,sell,3.27e-05,90828.74,2025-11-29 22:48:52.343976+00:00
913104627,sell,3.27e-05,90828.74,2025-11-29 22:48:52.343976+00:00
913104628,sell,7.64e-06,90828.74,2025-11-29 22:48:52.737515+00:00
913104628,sell,7.64e-06,90828.74,2025-11-29 22:48:52.737515+00:00
913104628,sell,7.64e-06,90828.74,2025-11-29 22:48:52.737515+00:00
913104628,sell,7.64e-06,90828.74,2025-11-29 22:48:52.737515+00:00
913104629,sell,0.00106991,90828.74,2025-11-29 22:48:52.923686+00:00
913104629,sell,0.00106991,90828.74,2025-11-29 22:48:52.923686+00:00
913104629,sell,0.00106991,90828.74,2025-11-29 22:48:52.923686+00:00
913104629,sell,0.00106991,90828.74,2025-11-29 22:48:52.923686+00:00
913104630,sell,0.00016349,90828.74,2025-11-29 22:48:53.290163+00:00
913104630,sell,0.00016349,90828.74,2025-11-29 22:48:53.290163+00:00
913104630,sell,0.00016349,90828.74,2025-11-29 22:48:53.290163+00:00
913104630,sell,0.00016349,90828.74,2025-11-29 22:48:53.290163+00:00
913104631,sell,0.0010699,90828.74,2025-11-29 22:48:53.579918+00:00
913104631,sell,0.0010699,90828.74,2025-11-29 22:48:53.579918+00:00
913104631,sell,0.0010699,90828.74,2025-11-29 22:48:53.579918+00:00
913104631,sell,0.0010699,90828.74,2025-11-29 22:48:53.579918+00:00
913104632,sell,0.00052209,90828.74,2025-11-29 22:48:53.793083+00:00
913104632,sell,0.00052209,90828.74,2025-11-29 22:48:53.793083+00:00
913104632,sell,0.00052209,90828.74,2025-11-29 22:48:53.793083+00:00
913104632,sell,0.00052209,90828.74,2025-11-29 22:48:53.793083+00:00
913104633,sell,0.000109,90829.44,2025-11-29 22:48:53.978364+00:00
913104633,sell,0.000109,90829.44,2025-11-29 22:48:53.978364+00:00
913104633,sell,0.000109,90829.44,2025-11-29 22:48:53.978364+00:00
913104633,sell,0.000109,90829.44,2025-11-29 22:48:53.978364+00:00
913104634,sell,0.00010442,90829.44,2025-11-29 22:48:54.044623+00:00
913104634,sell,0.00010442,90829.44,2025-11-29 22:48:54.044623+00:00
913104634,sell,0.00010442,90829.44,2025-11-29 22:48:54.044623+00:00
913104634,sell,0.00010442,90829.44,2025-11-29 22:48:54.044623+00:00
913104635,sell,0.00026747,90829.44,2025-11-29 22:48:54.101243+00:00
913104635,sell,0.00026747,90829.44,2025-11-29 22:48:54.101243+00:00
913104635,sell,0.00026747,90829.44,2025-11-29 22:48:54.101243+00:00
913104635,sell,0.00026747,90829.44,2025-11-29 22:48:54.101243+00:00
913104636,sell,0.0002835,90829.44,2025-11-29 22:48:54.312738+00:00
913104636,sell,0.0002835,90829.44,2025-11-29 22:48:54.312738+00:00
913104636,sell,0.0002835,90829.44,2025-11-29 22:48:54.312738+00:00
913104636,sell,0.0002835,90829.44,2025-11-29 22:48:54.312738+00:00
913104637,sell,5.45e-05,90829.44,2025-11-29 22:48:55.158100+00:00
913104637,sell,5.45e-05,90829.44,2025-11-29 22:48:55.158100+00:00
913104637,sell,5.45e-05,90829.44,2025-11-29 22:48:55.158100+00:00
913104637,sell,5.45e-05,90829.44,2025-11-29 22:48:55.158100+00:00
913104638,sell,0.00108995,90829.44,2025-11-29 22:48:55.342221+00:00
913104638,sell,0.00108995,90829.44,2025-11-29 22:48:55.342221+00:00
913104638,sell,0.00108995,90829.44,2025-11-29 22:48:55.342221+00:00
913104638,sell,0.00108995,90829.44,2025-11-29 22:48:55.342221+00:00
913104639,sell,0.00021067,90829.44,2025-11-29 22:48:56.046651+00:00
913104639,sell,0.00021067,90829.44,2025-11-29 22:48:56.046651+00:00
913104639,sell,0.00021067,90829.44,2025-11-29 22:48:56.046651+00:00
913104639,sell,0.00021067,90829.44,2025-11-29 22:48:56.046651+00:00
913104640,sell,0.00016044,90829.44,2025-11-29 22:48:56.076273+00:00
913104640,sell,0.00016044,90829.44,2025-11-29 22:48:56.076273+00:00
913104640,sell,0.00016044,90829.44,2025-11-29 22:48:56.076273+00:00
913104640,sell,0.00016044,90829.44,2025-11-29 22:48:56.076273+00:00
913104641,sell,0.00053495,90829.44,2025-11-29 22:48:56.133328+00:00
913104641,sell,0.00053495,90829.44,2025-11-29 22:48:56.133328+00:00
913104641,sell,0.00053495,90829.44,2025-11-29 22:48:56.133328+00:00
913104641,sell,0.00053495,90829.44,2025-11-29 22:48:56.133328+00:00
913104643,sell,0.00051795,90829.43,2025-11-29 22:48:56.291331+00:00
913104642,sell,1.7e-05,90829.42,2025-11-29 22:48:56.291331+00:00
913104642,sell,1.7e-05,90829.42,2025-11-29 22:48:56.291331+00:00
913104643,sell,0.00051795,90829.43,2025-11-29 22:48:56.291331+00:00
913104643,sell,0.00051795,90829.43,2025-11-29 22:48:56.291331+00:00
913104642,sell,1.7e-05,90829.42,2025-11-29 22:48:56.291331+00:00
913104642,sell,1.7e-05,90829.42,2025-11-29 22:48:56.291331+00:00
913104643,sell,0.00051795,90829.43,2025-11-29 22:48:56.291331+00:00
913104644,sell,5.831e-05,90829.43,2025-11-29 22:48:56.644859+00:00
913104644,sell,5.831e-05,90829.43,2025-11-29 22:48:56.644859+00:00
913104644,sell,5.831e-05,90829.43,2025-11-29 22:48:56.644859+00:00
913104644,sell,5.831e-05,90829.43,2025-11-29 22:48:56.644859+00:00
913104646,sell,0.00388624,90829.23,2025-11-29 22:48:56.936122+00:00
913104645,sell,0.02336263,90828.78,2025-11-29 22:48:56.936122+00:00
913104645,sell,0.02336263,90828.78,2025-11-29 22:48:56.936122+00:00
913104646,sell,0.00388624,90829.23,2025-11-29 22:48:56.936122+00:00
913104645,sell,0.02336263,90828.78,2025-11-29 22:48:56.936122+00:00
913104646,sell,0.00388624,90829.23,2025-11-29 22:48:56.936122+00:00
913104645,sell,0.02336263,90828.78,2025-11-29 22:48:56.936122+00:00
913104646,sell,0.00388624,90829.23,2025-11-29 22:48:56.936122+00:00
913104647,sell,0.00052209,90829.44,2025-11-29 22:48:57.208288+00:00
913104647,sell,0.00052209,90829.44,2025-11-29 22:48:57.208288+00:00
913104647,sell,0.00052209,90829.44,2025-11-29 22:48:57.208288+00:00
913104647,sell,0.00052209,90829.44,2025-11-29 22:48:57.208288+00:00
913104648,sell,0.0002139,90829.44,2025-11-29 22:48:57.461367+00:00
913104648,sell,0.0002139,90829.44,2025-11-29 22:48:57.461367+00:00
913104648,sell,0.0002139,90829.44,2025-11-29 22:48:57.461367+00:00
913104648,sell,0.0002139,90829.44,2025-11-29 22:48:57.461367+00:00
913104649,sell,0.00016349,90829.44,2025-11-29 22:48:57.498640+00:00
913104649,sell,0.00016349,90829.44,2025-11-29 22:48:57.498640+00:00
913104649,sell,0.00016349,90829.44,2025-11-29 22:48:57.498640+00:00
913104649,sell,0.00016349,90829.44,2025-11-29 22:48:57.498640+00:00
913104650,sell,5.45e-05,90827.42,2025-11-29 22:48:58.565562+00:00
913104650,sell,5.45e-05,90827.42,2025-11-29 22:48:58.565562+00:00
913104650,sell,5.45e-05,90827.42,2025-11-29 22:48:58.565562+00:00
913104650,sell,5.45e-05,90827.42,2025-11-29 22:48:58.565562+00:00
913104651,buy,0.0015,90827.33,2025-11-29 22:48:59.191672+00:00
913104652,buy,0.00053333,90827.33,2025-11-29 22:48:59.191672+00:00
913104652,buy,0.00053333,90827.33,2025-11-29 22:48:59.191672+00:00
913104652,buy,0.00053333,90827.33,2025-11-29 22:48:59.191672+00:00
913104651,buy,0.0015,90827.33,2025-11-29 22:48:59.191672+00:00
913104652,buy,0.00053333,90827.33,2025-11-29 22:48:59.191672+00:00
913104651,buy,0.0015,90827.33,2025-11-29 22:48:59.191672+00:00
913104651,buy,0.0015,90827.33,2025-11-29 22:48:59.191672+00:00
913104653,sell,7.331e-05,90829.44,2025-11-29 22:48:59.836881+00:00
913104653,sell,7.331e-05,90829.44,2025-11-29 22:48:59.836881+00:00
913104653,sell,7.331e-05,90829.44,2025-11-29 22:48:59.836881+00:00
913104653,sell,7.331e-05,90829.44,2025-11-29 22:48:59.836881+00:00
913104654,sell,2.997e-05,90829.42,2025-11-29 22:48:59.894619+00:00
913104654,sell,2.997e-05,90829.42,2025-11-29 22:48:59.894619+00:00
913104654,sell,2.997e-05,90829.42,2025-11-29 22:48:59.894619+00:00
913104654,sell,2.997e-05,90829.42,2025-11-29 22:48:59.894619+00:00
913104655,sell,0.00048132,90829.42,2025-11-29 22:48:59.894665+00:00
913104655,sell,0.00048132,90829.42,2025-11-29 22:48:59.894665+00:00
913104655,sell,0.00048132,90829.42,2025-11-29 22:48:59.894665+00:00
913104655,sell,0.00048132,90829.42,2025-11-29 22:48:59.894665+00:00
913104656,sell,0.00022,90829.44,2025-11-29 22:49:01.968282+00:00
913104656,sell,0.00022,90829.44,2025-11-29 22:49:01.968282+00:00
913104656,sell,0.00022,90829.44,2025-11-29 22:49:01.968282+00:00
913104656,sell,0.00022,90829.44,2025-11-29 22:49:01.968282+00:00
913104657,sell,0.00148,90829.44,2025-11-29 22:49:02.911574+00:00
913104657,sell,0.00148,90829.44,2025-11-29 22:49:02.911574+00:00
913104657,sell,0.00148,90829.44,2025-11-29 22:49:02.911574+00:00
913104657,sell,0.00148,90829.44,2025-11-29 22:49:02.911574+00:00
913104658,sell,0.0013,90829.44,2025-11-29 22:49:02.962595+00:00
913104658,sell,0.0013,90829.44,2025-11-29 22:49:02.962595+00:00
913104658,sell,0.0013,90829.44,2025-11-29 22:49:02.962595+00:00
913104658,sell,0.0013,90829.44,2025-11-29 22:49:02.962595+00:00
913104659,sell,0.00195,90829.44,2025-11-29 22:49:03.217509+00:00
913104659,sell,0.00195,90829.44,2025-11-29 22:49:03.217509+00:00
913104659,sell,0.00195,90829.44,2025-11-29 22:49:03.217509+00:00
913104659,sell,0.00195,90829.44,2025-11-29 22:49:03.217509+00:00
913104660,buy,0.00439067,90829.43,2025-11-29 22:49:03.624327+00:00
913104660,buy,0.00439067,90829.43,2025-11-29 22:49:03.624327+00:00
913104660,buy,0.00439067,90829.43,2025-11-29 22:49:03.624327+00:00
913104660,buy,0.00439067,90829.43,2025-11-29 22:49:03.624327+00:00
913104662,buy,3.171e-05,90829.43,2025-11-29 22:49:03.681913+00:00
913104663,buy,0.01435896,90829.43,2025-11-29 22:49:03.681913+00:00
913104662,buy,3.171e-05,90829.43,2025-11-29 22:49:03.681913+00:00
913104663,buy,0.01435896,90829.43,2025-11-29 22:49:03.681913+00:00
913104662,buy,3.171e-05,90829.43,2025-11-29 22:49:03.681913+00:00
913104661,buy,0.03560933,90829.43,2025-11-29 22:49:03.681913+00:00
913104661,buy,0.03560933,90829.43,2025-11-29 22:49:03.681913+00:00
913104661,buy,0.03560933,90829.43,2025-11-29 22:49:03.681913+00:00
913104663,buy,0.01435896,90829.43,2025-11-29 22:49:03.681913+00:00
913104662,buy,3.171e-05,90829.43,2025-11-29 22:49:03.681913+00:00
913104661,buy,0.03560933,90829.43,2025-11-29 22:49:03.681913+00:00
913104663,buy,0.01435896,90829.43,2025-11-29 22:49:03.681913+00:00
913104664,sell,0.00080242,90829.44,2025-11-29 22:49:04.833578+00:00
913104664,sell,0.00080242,90829.44,2025-11-29 22:49:04.833578+00:00
913104664,sell,0.00080242,90829.44,2025-11-29 22:49:04.833578+00:00
913104664,sell,0.00080242,90829.44,2025-11-29 22:49:04.833578+00:00
913104665,sell,0.00010627,90829.44,2025-11-29 22:49:05.593137+00:00
913104665,sell,0.00010627,90829.44,2025-11-29 22:49:05.593137+00:00
913104665,sell,0.00010627,90829.44,2025-11-29 22:49:05.593137+00:00
913104665,sell,0.00010627,90829.44,2025-11-29 22:49:05.593137+00:00
913104666,sell,0.00031,90829.44,2025-11-29 22:49:07.923443+00:00
913104666,sell,0.00031,90829.44,2025-11-29 22:49:07.923443+00:00
913104666,sell,0.00031,90829.44,2025-11-29 22:49:07.923443+00:00
913104666,sell,0.00031,90829.44,2025-11-29 22:49:07.923443+00:00
913104667,buy,0.00015012,90829.43,2025-11-29 22:49:08.212805+00:00
913104667,buy,0.00015012,90829.43,2025-11-29 22:49:08.212805+00:00
913104667,buy,0.00015012,90829.43,2025-11-29 22:49:08.212805+00:00
913104667,buy,0.00015012,90829.43,2025-11-29 22:49:08.212805+00:00
913104668,sell,0.00010965,90829.44,2025-11-29 22:49:08.746044+00:00
913104668,sell,0.00010965,90829.44,2025-11-29 22:49:08.746044+00:00
913104668,sell,0.00010965,90829.44,2025-11-29 22:49:08.746044+00:00
913104668,sell,0.00010965,90829.44,2025-11-29 22:49:08.746044+00:00
913104669,sell,0.00026105,90829.44,2025-11-29 22:49:09.332624+00:00
913104669,sell,0.00026105,90829.44,2025-11-29 22:49:09.332624+00:00
913104669,sell,0.00026105,90829.44,2025-11-29 22:49:09.332624+00:00
913104669,sell,0.00026105,90829.44,2025-11-29 22:49:09.332624+00:00
913104670,buy,0.00555955,90829.43,2025-11-29 22:49:10.068353+00:00
913104670,buy,0.00555955,90829.43,2025-11-29 22:49:10.068353+00:00
913104670,buy,0.00555955,90829.43,2025-11-29 22:49:10.068353+00:00
913104670,buy,0.00555955,90829.43,2025-11-29 22:49:10.068353+00:00
913104671,sell,0.00052849,90829.44,2025-11-29 22:49:10.301284+00:00
913104671,sell,0.00052849,90829.44,2025-11-29 22:49:10.301284+00:00
913104672,sell,0.00660583,90829.46,2025-11-29 22:49:10.301284+00:00
913104672,sell,0.00660583,90829.46,2025-11-29 22:49:10.301284+00:00
913104672,sell,0.00660583,90829.46,2025-11-29 22:49:10.301284+00:00
913104671,sell,0.00052849,90829.44,2025-11-29 22:49:10.301284+00:00
913104671,sell,0.00052849,90829.44,2025-11-29 22:49:10.301284+00:00
913104672,sell,0.00660583,90829.46,2025-11-29 22:49:10.301284+00:00
913104673,sell,0.00145,90829.44,2025-11-29 22:49:11.307469+00:00
913104673,sell,0.00145,90829.44,2025-11-29 22:49:11.307469+00:00
913104673,sell,0.00145,90829.44,2025-11-29 22:49:11.307469+00:00
913104673,sell,0.00145,90829.44,2025-11-29 22:49:11.307469+00:00
913104674,sell,0.00151,90829.44,2025-11-29 22:49:11.449671+00:00
913104674,sell,0.00151,90829.44,2025-11-29 22:49:11.449671+00:00
913104674,sell,0.00151,90829.44,2025-11-29 22:49:11.449671+00:00
913104674,sell,0.00151,90829.44,2025-11-29 22:49:11.449671+00:00
913104675,sell,0.00041767,90829.44,2025-11-29 22:49:15.074622+00:00
913104675,sell,0.00041767,90829.44,2025-11-29 22:49:15.074622+00:00
913104675,sell,0.00041767,90829.44,2025-11-29 22:49:15.074622+00:00
913104675,sell,0.00041767,90829.44,2025-11-29 22:49:15.074622+00:00
913104676,buy,0.00030276,90829.43,2025-11-29 22:49:15.207802+00:00
913104676,buy,0.00030276,90829.43,2025-11-29 22:49:15.207802+00:00
913104676,buy,0.00030276,90829.43,2025-11-29 22:49:15.207802+00:00
913104676,buy,0.00030276,90829.43,2025-11-29 22:49:15.207802+00:00
913104681,sell,0.00665449,90830.99,2025-11-29 22:49:15.950283+00:00
913104677,sell,0.05167056,90829.44,2025-11-29 22:49:15.950283+00:00
913104678,sell,0.01675663,90829.46,2025-11-29 22:49:15.950283+00:00
913104679,sell,0.02183571,90829.46,2025-11-29 22:49:15.950283+00:00
913104680,sell,0.01100959,90829.87,2025-11-29 22:49:15.950283+00:00
913104681,sell,0.00665449,90830.99,2025-11-29 22:49:15.950283+00:00
913104678,sell,0.01675663,90829.46,2025-11-29 22:49:15.950283+00:00
913104681,sell,0.00665449,90830.99,2025-11-29 22:49:15.950283+00:00
913104677,sell,0.05167056,90829.44,2025-11-29 22:49:15.950283+00:00
913104678,sell,0.01675663,90829.46,2025-11-29 22:49:15.950283+00:00
913104679,sell,0.02183571,90829.46,2025-11-29 22:49:15.950283+00:00
913104680,sell,0.01100959,90829.87,2025-11-29 22:49:15.950283+00:00
913104681,sell,0.00665449,90830.99,2025-11-29 22:49:15.950283+00:00
913104677,sell,0.05167056,90829.44,2025-11-29 22:49:15.950283+00:00
913104679,sell,0.02183571,90829.46,2025-11-29 22:49:15.950283+00:00
913104678,sell,0.01675663,90829.46,2025-11-29 22:49:15.950283+00:00
913104680,sell,0.01100959,90829.87,2025-11-29 22:49:15.950283+00:00
913104680,sell,0.01100959,90829.87,2025-11-29 22:49:15.950283+00:00
913104679,sell,0.02183571,90829.46,2025-11-29 22:49:15.950283+00:00
913104677,sell,0.05167056,90829.44,2025-11-29 22:49:15.950283+00:00
913104682,sell,0.00010703,90830.99,2025-11-29 22:49:16.081492+00:00
913104682,sell,0.00010703,90830.99,2025-11-29 22:49:16.081492+00:00
913104682,sell,0.00010703,90830.99,2025-11-29 22:49:16.081492+00:00
913104682,sell,0.00010703,90830.99,2025-11-29 22:49:16.081492+00:00
913104684,sell,0.001,90829.48,2025-11-29 22:49:17.985833+00:00
913104683,sell,0.005,90829.48,2025-11-29 22:49:17.985833+00:00
913104684,sell,0.001,90829.48,2025-11-29 22:49:17.985833+00:00
913104683,sell,0.005,90829.48,2025-11-29 22:49:17.985833+00:00
913104684,sell,0.001,90829.48,2025-11-29 22:49:17.985833+00:00
913104683,sell,0.005,90829.48,2025-11-29 22:49:17.985833+00:00
913104683,sell,0.005,90829.48,2025-11-29 22:49:17.985833+00:00
913104684,sell,0.001,90829.48,2025-11-29 22:49:17.985833+00:00
913104685,sell,0.00042278,90829.45,2025-11-29 22:49:20.422971+00:00
913104685,sell,0.00042278,90829.45,2025-11-29 22:49:20.422971+00:00
913104685,sell,0.00042278,90829.45,2025-11-29 22:49:20.422971+00:00
913104685,sell,0.00042278,90829.45,2025-11-29 22:49:20.422971+00:00
913104686,buy,0.00109558,90829.44,2025-11-29 22:49:20.460492+00:00
913104686,buy,0.00109558,90829.44,2025-11-29 22:49:20.460492+00:00
913104686,buy,0.00109558,90829.44,2025-11-29 22:49:20.460492+00:00
913104686,buy,0.00109558,90829.44,2025-11-29 22:49:20.460492+00:00
913104690,buy,3.01e-05,90829.43,2025-11-29 22:49:20.491330+00:00
913104689,buy,0.00054387,90829.43,2025-11-29 22:49:20.491330+00:00
913104687,buy,0.0015,90829.44,2025-11-29 22:49:20.491330+00:00
913104691,buy,0.01590333,90829.43,2025-11-29 22:49:20.491330+00:00
913104688,buy,6.815e-05,90829.43,2025-11-29 22:49:20.491330+00:00
913104687,buy,0.0015,90829.44,2025-11-29 22:49:20.491330+00:00
913104690,buy,3.01e-05,90829.43,2025-11-29 22:49:20.491330+00:00
913104691,buy,0.01590333,90829.43,2025-11-29 22:49:20.491330+00:00
913104690,buy,3.01e-05,90829.43,2025-11-29 22:49:20.491330+00:00
913104689,buy,0.00054387,90829.43,2025-11-29 22:49:20.491330+00:00
913104688,buy,6.815e-05,90829.43,2025-11-29 22:49:20.491330+00:00
913104688,buy,6.815e-05,90829.43,2025-11-29 22:49:20.491330+00:00
913104689,buy,0.00054387,90829.43,2025-11-29 22:49:20.491330+00:00
913104690,buy,3.01e-05,90829.43,2025-11-29 22:49:20.491330+00:00
913104691,buy,0.01590333,90829.43,2025-11-29 22:49:20.491330+00:00
913104687,buy,0.0015,90829.44,2025-11-29 22:49:20.491330+00:00
913104691,buy,0.01590333,90829.43,2025-11-29 22:49:20.491330+00:00
913104687,buy,0.0015,90829.44,2025-11-29 22:49:20.491330+00:00
913104688,buy,6.815e-05,90829.43,2025-11-29 22:49:20.491330+00:00
913104689,buy,0.00054387,90829.43,2025-11-29 22:49:20.491330+00:00
913104692,sell,5.45e-05,90827.91,2025-11-29 22:49:21.156745+00:00
913104692,sell,5.45e-05,90827.91,2025-11-29 22:49:21.156745+00:00
913104692,sell,5.45e-05,90827.91,2025-11-29 22:49:21.156745+00:00
913104692,sell,5.45e-05,90827.91,2025-11-29 22:49:21.156745+00:00
913104693,sell,8.98e-06,90827.91,2025-11-29 22:49:21.168001+00:00
913104693,sell,8.98e-06,90827.91,2025-11-29 22:49:21.168001+00:00
913104693,sell,8.98e-06,90827.91,2025-11-29 22:49:21.168001+00:00
913104693,sell,8.98e-06,90827.91,2025-11-29 22:49:21.168001+00:00
913104694,sell,1.375e-05,90830.97,2025-11-29 22:49:23.063334+00:00
913104694,sell,1.375e-05,90830.97,2025-11-29 22:49:23.063334+00:00
913104695,sell,0.00482435,90830.98,2025-11-29 22:49:23.063334+00:00
913104695,sell,0.00482435,90830.98,2025-11-29 22:49:23.063334+00:00
913104694,sell,1.375e-05,90830.97,2025-11-29 22:49:23.063334+00:00
913104695,sell,0.00482435,90830.98,2025-11-29 22:49:23.063334+00:00
913104695,sell,0.00482435,90830.98,2025-11-29 22:49:23.063334+00:00
913104694,sell,1.375e-05,90830.97,2025-11-29 22:49:23.063334+00:00
913104696,buy,1.316e-05,90827.51,2025-11-29 22:49:23.421005+00:00
913104696,buy,1.316e-05,90827.51,2025-11-29 22:49:23.421005+00:00
913104697,buy,3.398e-05,90827.5,2025-11-29 22:49:23.421005+00:00
913104697,buy,3.398e-05,90827.5,2025-11-29 22:49:23.421005+00:00
913104696,buy,1.316e-05,90827.51,2025-11-29 22:49:23.421005+00:00
913104697,buy,3.398e-05,90827.5,2025-11-29 22:49:23.421005+00:00
913104697,buy,3.398e-05,90827.5,2025-11-29 22:49:23.421005+00:00
913104696,buy,1.316e-05,90827.51,2025-11-29 22:49:23.421005+00:00
913104698,sell,1.485e-05,90830.98,2025-11-29 22:49:24.237616+00:00
913104698,sell,1.485e-05,90830.98,2025-11-29 22:49:24.237616+00:00
913104698,sell,1.485e-05,90830.98,2025-11-29 22:49:24.237616+00:00
913104699,sell,0.0002984,90830.99,2025-11-29 22:49:24.237616+00:00
913104698,sell,1.485e-05,90830.98,2025-11-29 22:49:24.237616+00:00
913104699,sell,0.0002984,90830.99,2025-11-29 22:49:24.237616+00:00
913104699,sell,0.0002984,90830.99,2025-11-29 22:49:24.237616+00:00
913104699,sell,0.0002984,90830.99,2025-11-29 22:49:24.237616+00:00
913104700,sell,0.00031325,90828.22,2025-11-29 22:49:24.909920+00:00
913104700,sell,0.00031325,90828.22,2025-11-29 22:49:24.909920+00:00
913104700,sell,0.00031325,90828.22,2025-11-29 22:49:24.909920+00:00
913104700,sell,0.00031325,90828.22,2025-11-29 22:49:24.909920+00:00
913104701,sell,0.00026864,90828.22,2025-11-29 22:49:24.942623+00:00
913104701,sell,0.00026864,90828.22,2025-11-29 22:49:24.942623+00:00
913104701,sell,0.00026864,90828.22,2025-11-29 22:49:24.942623+00:00
913104701,sell,0.00026864,90828.22,2025-11-29 22:49:24.942623+00:00
913104702,sell,0.00208859,90828.22,2025-11-29 22:49:25.497139+00:00
913104702,sell,0.00208859,90828.22,2025-11-29 22:49:25.497139+00:00
913104702,sell,0.00208859,90828.22,2025-11-29 22:49:25.497139+00:00
913104702,sell,0.00208859,90828.22,2025-11-29 22:49:25.497139+00:00
913104703,sell,0.0021398,90828.24,2025-11-29 22:49:27.917559+00:00
913104703,sell,0.0021398,90828.24,2025-11-29 22:49:27.917559+00:00
913104703,sell,0.0021398,90828.24,2025-11-29 22:49:27.917559+00:00
913104703,sell,0.0021398,90828.24,2025-11-29 22:49:27.917559+00:00
913104704,sell,1.09e-05,90828.24,2025-11-29 22:49:30.045525+00:00
913104704,sell,1.09e-05,90828.24,2025-11-29 22:49:30.045525+00:00
913104704,sell,1.09e-05,90828.24,2025-11-29 22:49:30.045525+00:00
913104704,sell,1.09e-05,90828.24,2025-11-29 22:49:30.045525+00:00
913104706,buy,0.00220197,90827.39,2025-11-29 22:49:31.136896+00:00
913104708,buy,0.02112139,90827.31,2025-11-29 22:49:31.136896+00:00
913104705,buy,1.27e-05,90828.23,2025-11-29 22:49:31.136896+00:00
913104706,buy,0.00220197,90827.39,2025-11-29 22:49:31.136896+00:00
913104708,buy,0.02112139,90827.31,2025-11-29 22:49:31.136896+00:00
913104707,buy,0.0110099,90827.38,2025-11-29 22:49:31.136896+00:00
913104706,buy,0.00220197,90827.39,2025-11-29 22:49:31.136896+00:00
913104705,buy,1.27e-05,90828.23,2025-11-29 22:49:31.136896+00:00
913104705,buy,1.27e-05,90828.23,2025-11-29 22:49:31.136896+00:00
913104706,buy,0.00220197,90827.39,2025-11-29 22:49:31.136896+00:00
913104708,buy,0.02112139,90827.31,2025-11-29 22:49:31.136896+00:00
913104707,buy,0.0110099,90827.38,2025-11-29 22:49:31.136896+00:00
913104708,buy,0.02112139,90827.31,2025-11-29 22:49:31.136896+00:00
913104707,buy,0.0110099,90827.38,2025-11-29 22:49:31.136896+00:00
913104707,buy,0.0110099,90827.38,2025-11-29 22:49:31.136896+00:00
913104705,buy,1.27e-05,90828.23,2025-11-29 22:49:31.136896+00:00
913104709,sell,0.00031326,90827.34,2025-11-29 22:49:31.214659+00:00
913104709,sell,0.00031326,90827.34,2025-11-29 22:49:31.214659+00:00
913104709,sell,0.00031326,90827.34,2025-11-29 22:49:31.214659+00:00
913104709,sell,0.00031326,90827.34,2025-11-29 22:49:31.214659+00:00
913104710,sell,0.0004,90827.34,2025-11-29 22:49:31.235627+00:00
913104710,sell,0.0004,90827.34,2025-11-29 22:49:31.235627+00:00
913104710,sell,0.0004,90827.34,2025-11-29 22:49:31.235627+00:00
913104710,sell,0.0004,90827.34,2025-11-29 22:49:31.235627+00:00
913104711,sell,2.688e-05,90827.31,2025-11-29 22:49:31.804122+00:00
913104711,sell,2.688e-05,90827.31,2025-11-29 22:49:31.804122+00:00
913104711,sell,2.688e-05,90827.31,2025-11-29 22:49:31.804122+00:00
913104711,sell,2.688e-05,90827.31,2025-11-29 22:49:31.804122+00:00
913104712,sell,1.199e-05,90827.31,2025-11-29 22:49:32.412075+00:00
913104712,sell,1.199e-05,90827.31,2025-11-29 22:49:32.412075+00:00
913104712,sell,1.199e-05,90827.31,2025-11-29 22:49:32.412075+00:00
913104712,sell,1.199e-05,90827.31,2025-11-29 22:49:32.412075+00:00
913104713,sell,3.126e-05,90827.31,2025-11-29 22:49:32.485019+00:00
913104713,sell,3.126e-05,90827.31,2025-11-29 22:49:32.485019+00:00
913104713,sell,3.126e-05,90827.31,2025-11-29 22:49:32.485019+00:00
913104713,sell,3.126e-05,90827.31,2025-11-29 22:49:32.485019+00:00
913104715,buy,1.139e-05,90827.3,2025-11-29 22:49:32.703322+00:00
913104714,buy,1.3e-05,90827.3,2025-11-29 22:49:32.703322+00:00
913104716,buy,9.8e-07,90826.94,2025-11-29 22:49:32.703322+00:00
913104716,buy,9.8e-07,90826.94,2025-11-29 22:49:32.703322+00:00
913104714,buy,1.3e-05,90827.3,2025-11-29 22:49:32.703322+00:00
913104714,buy,1.3e-05,90827.3,2025-11-29 22:49:32.703322+00:00
913104715,buy,1.139e-05,90827.3,2025-11-29 22:49:32.703322+00:00
913104716,buy,9.8e-07,90826.94,2025-11-29 22:49:32.703322+00:00
913104715,buy,1.139e-05,90827.3,2025-11-29 22:49:32.703322+00:00
913104715,buy,1.139e-05,90827.3,2025-11-29 22:49:32.703322+00:00
913104714,buy,1.3e-05,90827.3,2025-11-29 22:49:32.703322+00:00
913104716,buy,9.8e-07,90826.94,2025-11-29 22:49:32.703322+00:00
913104717,sell,0.00356,90827.43,2025-11-29 22:49:33.375581+00:00
913104717,sell,0.00356,90827.43,2025-11-29 22:49:33.375581+00:00
913104717,sell,0.00356,90827.43,2025-11-29 22:49:33.375581+00:00
913104717,sell,0.00356,90827.43,2025-11-29 22:49:33.375581+00:00
913104718,sell,5.45e-05,90827.77,2025-11-29 22:49:35.405114+00:00
913104718,sell,5.45e-05,90827.77,2025-11-29 22:49:35.405114+00:00
913104718,sell,5.45e-05,90827.77,2025-11-29 22:49:35.405114+00:00
913104718,sell,5.45e-05,90827.77,2025-11-29 22:49:35.405114+00:00
913104720,buy,3.636e-05,90827.76,2025-11-29 22:49:35.621644+00:00
913104719,buy,1.132e-05,90827.76,2025-11-29 22:49:35.621644+00:00
913104720,buy,3.636e-05,90827.76,2025-11-29 22:49:35.621644+00:00
913104720,buy,3.636e-05,90827.76,2025-11-29 22:49:35.621644+00:00
913104719,buy,1.132e-05,90827.76,2025-11-29 22:49:35.621644+00:00
913104719,buy,1.132e-05,90827.76,2025-11-29 22:49:35.621644+00:00
913104719,buy,1.132e-05,90827.76,2025-11-29 22:49:35.621644+00:00
913104720,buy,3.636e-05,90827.76,2025-11-29 22:49:35.621644+00:00
913104721,sell,0.00105,90827.77,2025-11-29 22:49:35.698261+00:00
913104721,sell,0.00105,90827.77,2025-11-29 22:49:35.698261+00:00
913104721,sell,0.00105,90827.77,2025-11-29 22:49:35.698261+00:00
913104721,sell,0.00105,90827.77,2025-11-29 22:49:35.698261+00:00
913104722,sell,0.00106991,90827.77,2025-11-29 22:49:35.797586+00:00
913104722,sell,0.00106991,90827.77,2025-11-29 22:49:35.797586+00:00
913104722,sell,0.00106991,90827.77,2025-11-29 22:49:35.797586+00:00
913104722,sell,0.00106991,90827.77,2025-11-29 22:49:35.797586+00:00
913104723,sell,0.00053496,90827.77,2025-11-29 22:49:37.823231+00:00
913104723,sell,0.00053496,90827.77,2025-11-29 22:49:37.823231+00:00
913104723,sell,0.00053496,90827.77,2025-11-29 22:49:37.823231+00:00
913104723,sell,0.00053496,90827.77,2025-11-29 22:49:37.823231+00:00
913104725,buy,0.00143511,90827.76,2025-11-29 22:49:38.077494+00:00
913104725,buy,0.00143511,90827.76,2025-11-29 22:49:38.077494+00:00
913104724,buy,0.03227087,90827.76,2025-11-29 22:49:38.077494+00:00
913104724,buy,0.03227087,90827.76,2025-11-29 22:49:38.077494+00:00
913104725,buy,0.00143511,90827.76,2025-11-29 22:49:38.077494+00:00
913104724,buy,0.03227087,90827.76,2025-11-29 22:49:38.077494+00:00
913104725,buy,0.00143511,90827.76,2025-11-29 22:49:38.077494+00:00
913104724,buy,0.03227087,90827.76,2025-11-29 22:49:38.077494+00:00
913104726,sell,0.00296,90827.77,2025-11-29 22:49:40.561311+00:00
913104726,sell,0.00296,90827.77,2025-11-29 22:49:40.561311+00:00
913104726,sell,0.00296,90827.77,2025-11-29 22:49:40.561311+00:00
913104726,sell,0.00296,90827.77,2025-11-29 22:49:40.561311+00:00
913104732,sell,0.01794008,90830.99,2025-11-29 22:49:40.715135+00:00
913104734,sell,0.03225736,90831.39,2025-11-29 22:49:40.715135+00:00
913104733,sell,0.13145236,90831.38,2025-11-29 22:49:40.715135+00:00
913104732,sell,0.01794008,90830.99,2025-11-29 22:49:40.715135+00:00
913104731,sell,0.00220197,90830.98,2025-11-29 22:49:40.715135+00:00
913104734,sell,0.03225736,90831.39,2025-11-29 22:49:40.715135+00:00
913104733,sell,0.13145236,90831.38,2025-11-29 22:49:40.715135+00:00
913104731,sell,0.00220197,90830.98,2025-11-29 22:49:40.715135+00:00
913104730,sell,0.01821509,90829.44,2025-11-29 22:49:40.715135+00:00
913104729,sell,0.01100979,90828.22,2025-11-29 22:49:40.715135+00:00
913104728,sell,0.02336289,90827.79,2025-11-29 22:49:40.715135+00:00
913104727,sell,0.01372487,90827.78,2025-11-29 22:49:40.715135+00:00
913104734,sell,0.03225736,90831.39,2025-11-29 22:49:40.715135+00:00
913104733,sell,0.13145236,90831.38,2025-11-29 22:49:40.715135+00:00
913104731,sell,0.00220197,90830.98,2025-11-29 22:49:40.715135+00:00
913104729,sell,0.01100979,90828.22,2025-11-29 22:49:40.715135+00:00
913104728,sell,0.02336289,90827.79,2025-11-29 22:49:40.715135+00:00
913104730,sell,0.01821509,90829.44,2025-11-29 22:49:40.715135+00:00
913104729,sell,0.01100979,90828.22,2025-11-29 22:49:40.715135+00:00
913104728,sell,0.02336289,90827.79,2025-11-29 22:49:40.715135+00:00
913104727,sell,0.01372487,90827.78,2025-11-29 22:49:40.715135+00:00
913104730,sell,0.01821509,90829.44,2025-11-29 22:49:40.715135+00:00
913104727,sell,0.01372487,90827.78,2025-11-29 22:49:40.715135+00:00
913104732,sell,0.01794008,90830.99,2025-11-29 22:49:40.715135+00:00
913104728,sell,0.02336289,90827.79,2025-11-29 22:49:40.715135+00:00
913104729,sell,0.01100979,90828.22,2025-11-29 22:49:40.715135+00:00
913104730,sell,0.01821509,90829.44,2025-11-29 22:49:40.715135+00:00
913104731,sell,0.00220197,90830.98,2025-11-29 22:49:40.715135+00:00
913104732,sell,0.01794008,90830.99,2025-11-29 22:49:40.715135+00:00
913104733,sell,0.13145236,90831.38,2025-11-29 22:49:40.715135+00:00
913104734,sell,0.03225736,90831.39,2025-11-29 22:49:40.715135+00:00
913104727,sell,0.01372487,90827.78,2025-11-29 22:49:40.715135+00:00
913104735,sell,0.00104431,90828.26,2025-11-29 22:49:41.982430+00:00
913104735,sell,0.00104431,90828.26,2025-11-29 22:49:41.982430+00:00
913104735,sell,0.00104431,90828.26,2025-11-29 22:49:41.982430+00:00
913104735,sell,0.00104431,90828.26,2025-11-29 22:49:41.982430+00:00
913104736,buy,7.65e-06,90828.25,2025-11-29 22:49:46.269906+00:00
913104736,buy,7.65e-06,90828.25,2025-11-29 22:49:46.269906+00:00
913104736,buy,7.65e-06,90828.25,2025-11-29 22:49:46.269906+00:00
913104736,buy,7.65e-06,90828.25,2025-11-29 22:49:46.269906+00:00
913104737,sell,0.00569176,90828.26,2025-11-29 22:49:46.590975+00:00
913104737,sell,0.00569176,90828.26,2025-11-29 22:49:46.590975+00:00
913104737,sell,0.00569176,90828.26,2025-11-29 22:49:46.590975+00:00
913104737,sell,0.00569176,90828.26,2025-11-29 22:49:46.590975+00:00
913104738,sell,0.00146198,90828.26,2025-11-29 22:49:47.142663+00:00
913104738,sell,0.00146198,90828.26,2025-11-29 22:49:47.142663+00:00
913104738,sell,0.00146198,90828.26,2025-11-29 22:49:47.142663+00:00
913104738,sell,0.00146198,90828.26,2025-11-29 22:49:47.142663+00:00
913104739,sell,0.00021323,90828.26,2025-11-29 22:49:47.686020+00:00
913104739,sell,0.00021323,90828.26,2025-11-29 22:49:47.686020+00:00
913104739,sell,0.00021323,90828.26,2025-11-29 22:49:47.686020+00:00
913104739,sell,0.00021323,90828.26,2025-11-29 22:49:47.686020+00:00
913104741,buy,0.00037404,90828.25,2025-11-29 22:49:49.366751+00:00
913104740,buy,3.486e-05,90828.25,2025-11-29 22:49:49.366751+00:00
913104740,buy,3.486e-05,90828.25,2025-11-29 22:49:49.366751+00:00
913104741,buy,0.00037404,90828.25,2025-11-29 22:49:49.366751+00:00
913104741,buy,0.00037404,90828.25,2025-11-29 22:49:49.366751+00:00
913104740,buy,3.486e-05,90828.25,2025-11-29 22:49:49.366751+00:00
913104741,buy,0.00037404,90828.25,2025-11-29 22:49:49.366751+00:00
913104740,buy,3.486e-05,90828.25,2025-11-29 22:49:49.366751+00:00
913104742,sell,0.00207094,90828.26,2025-11-29 22:49:49.590773+00:00
913104742,sell,0.00207094,90828.26,2025-11-29 22:49:49.590773+00:00
913104742,sell,0.00207094,90828.26,2025-11-29 22:49:49.590773+00:00
913104742,sell,0.00207094,90828.26,2025-11-29 22:49:49.590773+00:00
913104743,sell,0.00027249,90828.26,2025-11-29 22:49:51.135524+00:00
913104743,sell,0.00027249,90828.26,2025-11-29 22:49:51.135524+00:00
913104743,sell,0.00027249,90828.26,2025-11-29 22:49:51.135524+00:00
913104743,sell,0.00027249,90828.26,2025-11-29 22:49:51.135524+00:00
913104744,sell,0.00219302,90828.26,2025-11-29 22:49:51.402394+00:00
913104744,sell,0.00219302,90828.26,2025-11-29 22:49:51.402394+00:00
913104744,sell,0.00219302,90828.26,2025-11-29 22:49:51.402394+00:00
913104744,sell,0.00219302,90828.26,2025-11-29 22:49:51.402394+00:00
913104745,sell,0.00010627,90828.26,2025-11-29 22:49:52.018404+00:00
913104745,sell,0.00010627,90828.26,2025-11-29 22:49:52.018404+00:00
913104745,sell,0.00010627,90828.26,2025-11-29 22:49:52.018404+00:00
913104745,sell,0.00010627,90828.26,2025-11-29 22:49:52.018404+00:00
913104746,sell,8.992e-05,90828.26,2025-11-29 22:49:52.148121+00:00
913104746,sell,8.992e-05,90828.26,2025-11-29 22:49:52.148121+00:00
913104746,sell,8.992e-05,90828.26,2025-11-29 22:49:52.148121+00:00
913104746,sell,8.992e-05,90828.26,2025-11-29 22:49:52.148121+00:00
913104747,sell,0.00021799,90828.26,2025-11-29 22:49:52.195948+00:00
913104747,sell,0.00021799,90828.26,2025-11-29 22:49:52.195948+00:00
913104747,sell,0.00021799,90828.26,2025-11-29 22:49:52.195948+00:00
913104747,sell,0.00021799,90828.26,2025-11-29 22:49:52.195948+00:00
913104748,sell,0.00065267,90828.26,2025-11-29 22:49:52.732701+00:00
913104748,sell,0.00065267,90828.26,2025-11-29 22:49:52.732701+00:00
913104748,sell,0.00065267,90828.26,2025-11-29 22:49:52.732701+00:00
913104748,sell,0.00065267,90828.26,2025-11-29 22:49:52.732701+00:00
913104749,sell,0.00016044,90828.26,2025-11-29 22:49:52.859943+00:00
913104749,sell,0.00016044,90828.26,2025-11-29 22:49:52.859943+00:00
913104749,sell,0.00016044,90828.26,2025-11-29 22:49:52.859943+00:00
913104749,sell,0.00016044,90828.26,2025-11-29 22:49:52.859943+00:00
913104750,sell,0.00217994,90828.26,2025-11-29 22:49:52.871946+00:00
913104750,sell,0.00217994,90828.26,2025-11-29 22:49:52.871946+00:00
913104750,sell,0.00217994,90828.26,2025-11-29 22:49:52.871946+00:00
913104750,sell,0.00217994,90828.26,2025-11-29 22:49:52.871946+00:00
913104751,sell,1.09e-05,90828.26,2025-11-29 22:49:52.943135+00:00
913104751,sell,1.09e-05,90828.26,2025-11-29 22:49:52.943135+00:00
913104751,sell,1.09e-05,90828.26,2025-11-29 22:49:52.943135+00:00
913104751,sell,1.09e-05,90828.26,2025-11-29 22:49:52.943135+00:00
913104752,sell,1.238e-05,90828.26,2025-11-29 22:49:53.187320+00:00
913104752,sell,1.238e-05,90828.26,2025-11-29 22:49:53.187320+00:00
913104752,sell,1.238e-05,90828.26,2025-11-29 22:49:53.187320+00:00
913104752,sell,1.238e-05,90828.26,2025-11-29 22:49:53.187320+00:00
913104753,sell,0.00026748,90828.26,2025-11-29 22:49:53.209974+00:00
913104753,sell,0.00026748,90828.26,2025-11-29 22:49:53.209974+00:00
913104753,sell,0.00026748,90828.26,2025-11-29 22:49:53.209974+00:00
913104753,sell,0.00026748,90828.26,2025-11-29 22:49:53.209974+00:00
913104754,sell,1.603e-05,90828.26,2025-11-29 22:49:54.087259+00:00
913104754,sell,1.603e-05,90828.26,2025-11-29 22:49:54.087259+00:00
913104754,sell,1.603e-05,90828.26,2025-11-29 22:49:54.087259+00:00
913104754,sell,1.603e-05,90828.26,2025-11-29 22:49:54.087259+00:00
913104755,sell,0.00544985,90828.26,2025-11-29 22:49:54.249174+00:00
913104755,sell,0.00544985,90828.26,2025-11-29 22:49:54.249174+00:00
913104755,sell,0.00544985,90828.26,2025-11-29 22:49:54.249174+00:00
913104755,sell,0.00544985,90828.26,2025-11-29 22:49:54.249174+00:00
913104756,buy,0.00045792,90828.25,2025-11-29 22:49:54.351535+00:00
913104756,buy,0.00045792,90828.25,2025-11-29 22:49:54.351535+00:00
913104756,buy,0.00045792,90828.25,2025-11-29 22:49:54.351535+00:00
913104756,buy,0.00045792,90828.25,2025-11-29 22:49:54.351535+00:00
913104757,sell,0.00026105,90828.26,2025-11-29 22:49:54.398800+00:00
913104757,sell,0.00026105,90828.26,2025-11-29 22:49:54.398800+00:00
913104757,sell,0.00026105,90828.26,2025-11-29 22:49:54.398800+00:00
913104757,sell,0.00026105,90828.26,2025-11-29 22:49:54.398800+00:00
913104758,sell,0.00053496,90828.26,2025-11-29 22:49:54.538541+00:00
913104758,sell,0.00053496,90828.26,2025-11-29 22:49:54.538541+00:00
913104758,sell,0.00053496,90828.26,2025-11-29 22:49:54.538541+00:00
913104758,sell,0.00053496,90828.26,2025-11-29 22:49:54.538541+00:00
913104759,sell,8.447e-05,90828.26,2025-11-29 22:49:54.718338+00:00
913104759,sell,8.447e-05,90828.26,2025-11-29 22:49:54.718338+00:00
913104759,sell,8.447e-05,90828.26,2025-11-29 22:49:54.718338+00:00
913104759,sell,8.447e-05,90828.26,2025-11-29 22:49:54.718338+00:00
913104760,sell,7.88e-06,90828.26,2025-11-29 22:49:54.932314+00:00
913104760,sell,7.88e-06,90828.26,2025-11-29 22:49:54.932314+00:00
913104760,sell,7.88e-06,90828.26,2025-11-29 22:49:54.932314+00:00
913104760,sell,7.88e-06,90828.26,2025-11-29 22:49:54.932314+00:00
913104761,sell,0.00021396,90828.26,2025-11-29 22:49:55.431855+00:00
913104761,sell,0.00021396,90828.26,2025-11-29 22:49:55.431855+00:00
913104761,sell,0.00021396,90828.26,2025-11-29 22:49:55.431855+00:00
913104761,sell,0.00021396,90828.26,2025-11-29 22:49:55.431855+00:00
913104762,sell,7.88e-06,90828.26,2025-11-29 22:49:55.618118+00:00
913104762,sell,7.88e-06,90828.26,2025-11-29 22:49:55.618118+00:00
913104762,sell,7.88e-06,90828.26,2025-11-29 22:49:55.618118+00:00
913104762,sell,7.88e-06,90828.26,2025-11-29 22:49:55.618118+00:00
913104763,sell,0.00026748,90828.26,2025-11-29 22:49:55.650635+00:00
913104763,sell,0.00026748,90828.26,2025-11-29 22:49:55.650635+00:00
913104763,sell,0.00026748,90828.26,2025-11-29 22:49:55.650635+00:00
913104763,sell,0.00026748,90828.26,2025-11-29 22:49:55.650635+00:00
913104764,sell,1.078e-05,90828.26,2025-11-29 22:49:55.954844+00:00
913104764,sell,1.078e-05,90828.26,2025-11-29 22:49:55.954844+00:00
913104764,sell,1.078e-05,90828.26,2025-11-29 22:49:55.954844+00:00
913104764,sell,1.078e-05,90828.26,2025-11-29 22:49:55.954844+00:00
913104765,sell,0.00033168,90828.26,2025-11-29 22:49:55.977556+00:00
913104765,sell,0.00033168,90828.26,2025-11-29 22:49:55.977556+00:00
913104765,sell,0.00033168,90828.26,2025-11-29 22:49:55.977556+00:00
913104765,sell,0.00033168,90828.26,2025-11-29 22:49:55.977556+00:00
913104766,sell,0.00053496,90828.26,2025-11-29 22:49:56.103664+00:00
913104766,sell,0.00053496,90828.26,2025-11-29 22:49:56.103664+00:00
913104766,sell,0.00053496,90828.26,2025-11-29 22:49:56.103664+00:00
913104766,sell,0.00053496,90828.26,2025-11-29 22:49:56.103664+00:00
913104767,sell,0.00042629,90828.26,2025-11-29 22:49:56.797398+00:00
913104767,sell,0.00042629,90828.26,2025-11-29 22:49:56.797398+00:00
913104767,sell,0.00042629,90828.26,2025-11-29 22:49:56.797398+00:00
913104767,sell,0.00042629,90828.26,2025-11-29 22:49:56.797398+00:00
913104768,sell,0.00016044,90828.26,2025-11-29 22:49:56.831849+00:00
913104768,sell,0.00016044,90828.26,2025-11-29 22:49:56.831849+00:00
913104768,sell,0.00016044,90828.26,2025-11-29 22:49:56.831849+00:00
913104768,sell,0.00016044,90828.26,2025-11-29 22:49:56.831849+00:00
913104769,sell,0.00054498,90828.26,2025-11-29 22:49:56.844803+00:00
913104769,sell,0.00054498,90828.26,2025-11-29 22:49:56.844803+00:00
913104769,sell,0.00054498,90828.26,2025-11-29 22:49:56.844803+00:00
913104769,sell,0.00054498,90828.26,2025-11-29 22:49:56.844803+00:00
913104770,sell,1.09e-05,90828.26,2025-11-29 22:49:56.953963+00:00
913104770,sell,1.09e-05,90828.26,2025-11-29 22:49:56.953963+00:00
913104770,sell,1.09e-05,90828.26,2025-11-29 22:49:56.953963+00:00
913104770,sell,1.09e-05,90828.26,2025-11-29 22:49:56.953963+00:00
913104771,sell,0.00036547,90828.26,2025-11-29 22:49:57.014982+00:00
913104771,sell,0.00036547,90828.26,2025-11-29 22:49:57.014982+00:00
913104771,sell,0.00036547,90828.26,2025-11-29 22:49:57.014982+00:00
913104771,sell,0.00036547,90828.26,2025-11-29 22:49:57.014982+00:00
913104772,sell,0.00035969,90828.26,2025-11-29 22:49:57.502037+00:00
913104772,sell,0.00035969,90828.26,2025-11-29 22:49:57.502037+00:00
913104772,sell,0.00035969,90828.26,2025-11-29 22:49:57.502037+00:00
913104772,sell,0.00035969,90828.26,2025-11-29 22:49:57.502037+00:00
913104773,buy,0.00055,90828.25,2025-11-29 22:49:57.634646+00:00
913104773,buy,0.00055,90828.25,2025-11-29 22:49:57.634646+00:00
913104773,buy,0.00055,90828.25,2025-11-29 22:49:57.634646+00:00
913104773,buy,0.00055,90828.25,2025-11-29 22:49:57.634646+00:00
913104775,buy,0.00012254,90828.25,2025-11-29 22:49:57.638829+00:00
913104775,buy,0.00012254,90828.25,2025-11-29 22:49:57.638829+00:00
913104775,buy,0.00012254,90828.25,2025-11-29 22:49:57.638829+00:00
913104775,buy,0.00012254,90828.25,2025-11-29 22:49:57.638829+00:00
913104774,buy,0.03166746,90828.25,2025-11-29 22:49:57.638829+00:00
913104774,buy,0.03166746,90828.25,2025-11-29 22:49:57.638829+00:00
913104774,buy,0.03166746,90828.25,2025-11-29 22:49:57.638829+00:00
913104774,buy,0.03166746,90828.25,2025-11-29 22:49:57.638829+00:00
913104776,buy,1.049e-05,90828.25,2025-11-29 22:49:57.639417+00:00
913104777,buy,0.01098951,90827.79,2025-11-29 22:49:57.639417+00:00
913104777,buy,0.01098951,90827.79,2025-11-29 22:49:57.639417+00:00
913104776,buy,1.049e-05,90828.25,2025-11-29 22:49:57.639417+00:00
913104777,buy,0.01098951,90827.79,2025-11-29 22:49:57.639417+00:00
913104776,buy,1.049e-05,90828.25,2025-11-29 22:49:57.639417+00:00
913104777,buy,0.01098951,90827.79,2025-11-29 22:49:57.639417+00:00
913104776,buy,1.049e-05,90828.25,2025-11-29 22:49:57.639417+00:00
913104778,sell,0.00010627,90824.26,2025-11-29 22:49:57.773214+00:00
913104778,sell,0.00010627,90824.26,2025-11-29 22:49:57.773214+00:00
913104778,sell,0.00010627,90824.26,2025-11-29 22:49:57.773214+00:00
913104778,sell,0.00010627,90824.26,2025-11-29 22:49:57.773214+00:00
913104779,sell,0.00026748,90824.26,2025-11-29 22:49:57.936510+00:00
913104779,sell,0.00026748,90824.26,2025-11-29 22:49:57.936510+00:00
913104779,sell,0.00026748,90824.26,2025-11-29 22:49:57.936510+00:00
913104779,sell,0.00026748,90824.26,2025-11-29 22:49:57.936510+00:00
913104780,buy,0.00022666,90824.25,2025-11-29 22:49:57.978568+00:00
913104781,buy,0.01078334,90823.8,2025-11-29 22:49:57.978568+00:00
913104780,buy,0.00022666,90824.25,2025-11-29 22:49:57.978568+00:00
913104780,buy,0.00022666,90824.25,2025-11-29 22:49:57.978568+00:00
913104781,buy,0.01078334,90823.8,2025-11-29 22:49:57.978568+00:00
913104780,buy,0.00022666,90824.25,2025-11-29 22:49:57.978568+00:00
913104781,buy,0.01078334,90823.8,2025-11-29 22:49:57.978568+00:00
913104781,buy,0.01078334,90823.8,2025-11-29 22:49:57.978568+00:00
913104782,sell,0.00021396,90823.21,2025-11-29 22:49:57.986725+00:00
913104782,sell,0.00021396,90823.21,2025-11-29 22:49:57.986725+00:00
913104782,sell,0.00021396,90823.21,2025-11-29 22:49:57.986725+00:00
913104782,sell,0.00021396,90823.21,2025-11-29 22:49:57.986725+00:00
913104785,buy,0.00041281,90816.89,2025-11-29 22:49:58.070864+00:00
913104786,buy,0.00070092,90815.01,2025-11-29 22:49:58.070864+00:00
913104785,buy,0.00041281,90816.89,2025-11-29 22:49:58.070864+00:00
913104783,buy,1.3e-05,90823.2,2025-11-29 22:49:58.070864+00:00
913104784,buy,1.3e-05,90819.1,2025-11-29 22:49:58.070864+00:00
913104785,buy,0.00041281,90816.89,2025-11-29 22:49:58.070864+00:00
913104786,buy,0.00070092,90815.01,2025-11-29 22:49:58.070864+00:00
913104784,buy,1.3e-05,90819.1,2025-11-29 22:49:58.070864+00:00
913104784,buy,1.3e-05,90819.1,2025-11-29 22:49:58.070864+00:00
913104783,buy,1.3e-05,90823.2,2025-11-29 22:49:58.070864+00:00
913104783,buy,1.3e-05,90823.2,2025-11-29 22:49:58.070864+00:00
913104784,buy,1.3e-05,90819.1,2025-11-29 22:49:58.070864+00:00
913104785,buy,0.00041281,90816.89,2025-11-29 22:49:58.070864+00:00
913104786,buy,0.00070092,90815.01,2025-11-29 22:49:58.070864+00:00
913104786,buy,0.00070092,90815.01,2025-11-29 22:49:58.070864+00:00
913104783,buy,1.3e-05,90823.2,2025-11-29 22:49:58.070864+00:00
913104788,buy,0.000537,90815.0,2025-11-29 22:49:58.470919+00:00
913104787,buy,1.3e-05,90815.0,2025-11-29 22:49:58.470919+00:00
913104787,buy,1.3e-05,90815.0,2025-11-29 22:49:58.470919+00:00
